3250 4700
1535 195 1619 258 27

370 401 636 491 Σφαγίᾳ
696 405 864 469 haud
911 405 1034 470 seio
1081 425 1160 469 an
1207 405 1484 469 adhibita
1530 406 1612 469 sit
1664 409 1909 488 propter
1950 406 2414 488 praecedentem
2458 401 2809 491 ναυμαχίᾳ,

365 511 421 574 D
471 509 604 575 δεῖν
651 509 976 592 πολεμεῖν.
1068 513 1196 575 243
1245 510 1292 575 G
1338 505 1693 592 πολεμίους
1735 547 1824 556 -
1869 506 2144 598 φιλίους.
2233 511 2284 574 Ε
2332 515 2393 594 a)
2443 502 2798 574 στασιάσαι

363 655 448 662 —
497 613 784 703 νοσῆσαι.
890 618 955 702 b)
1017 613 1092 680 ἐκ
1149 613 1262 680 τοῦ
1322 612 1654 701 Πειραιῶς
1709 613 1821 680 καὶ
1881 603 2127 694 ἄστεως
2189 605 2277 693 ὡς
2334 605 2629 700 ἀσμένως
2680 616 2795 681 καὶ

365 717 637 799 οἰκείως.
714 725 843 787 244
888 727 943 787 Α
987 725 1235 788 voculae
1280 717 1482 808 κακίᾳ
1525 723 1889 806 respondere
1932 723 2173 787 videtur
2216 719 2538 809 δυστυχίᾳ.
2630 724 2685 787 Β
2732 725 2810 806 a)

359 823 586 910 ἔχομεν
629 867 716 876 -—
760 818 1160 916 ἐποιήσαμεν
1210 868 1298 876 —
1355 819 1719 910 ἐπάθομεν.
1825 829 1889 911 b)
1952 831 2093 905 τοῖς
2149 826 2269 910 μὲν
2312 868 2401 876 —-
2445 820 2795 914 συγγιγνώ-

362 953 608 997 σκουσα
651 973 738 980 —
781 937 923 1012 τοῖς
967 932 1042 998 δέ
1087 973 1174 982 --
1220 921 1684 1019 ἇγανακτοῦσα.
1744 935 1801 1018 o)
1847 931 2067 1011 κακῶς
2112 928 2348 1012 ἱκανῶς
2392 921 2507 998 οὗκ
2542 931 2806 1011 ἐνδεῶς..

361 1041 417 1103 D
459 1029 846 1126 μηδαμόθεν
889 1026 1186 1104 ὄῖλλοθεν.
1259 1043 1386 1104 245
1419 1043 1478 1128 4
1517 1036 1927 1127 τειχισαμένη
1972 1037 2047 1104 δέ
2090 1037 2203 1103 καὶ
2240 1038 2791 1128 ναυπηγησαμένη,

361 1141 765 1233 ἐκδεξαμένη.
857 1147 909 1209 Β
974 1137 1312 1232 ἐθελήσειν
1353 1147 1716 1229 respondere
1762 1146 2004 1210 videtur
2044 1146 2295 1212 voculae
2338 1137 2797 1232 συμμαχήσειν.

359 1251 417 1314 D
465 1242 730 1333 Κάδμοι
772 1250 780 1338 Ι
822 1239 970 1316 οὐδὲ
1028 1246 1376 1338 Αἰγυπτοί
1441 1273 1511 1315 τε
1566 1247 1680 1315 καὶ
1743 1249 1993 1314 Δαναοὶ
2036 1249 2042 1336 Ι
2086 1238 2233 1315 οὐδὲ
2288 1238 2476 1315 ἄλλοι
2533 1247 2795 1316 πολλοί.

360 1356 410 1419 Ε
471 1348 794 1434 ἐκδόντες·
856 1348 1178 1434 ἐλθόντες.
1271 1359 1336 1442 b)
1397 1352 1721 1442 δυσχωρίᾳ
1768 1393 1849 1402 -
1896 1354 2241 1443 προδοσίᾳ.
2349 1359 2477 1422 246
2514 1359 2569 1422 Α
2623 1358 2793 1437 ξυνε-

360 1464 618 1526 παινεῖν
660 1485 728 1526 τε
774 1461 886 1526 καὶ
931 1466 1216 1545 κοσμεῖν.
1279 1465 1335 1527 D
1380 1453 1822 1549 τελευτήσαντι
1866 1463 2225 1545 respondere
2270 1464 2513 1529 videtur
2544 1464 2798 1528 vooulae

360 1558 735 1649 αἰσχύνοντι,
783 1589 929 1634 nam
974 1567 1100 1633 τελ.
1135 1589 1661 1652 supervacaneum
1706 1572 1818 1634 est.
1893 1569 1945 1632 E
1989 1559 2343 1650 λειπόμενα
2386 1559 2577 1633 πάντ
2594 1592 2637 1630 α
2680 1566 2794 1632 καὶ

360 1664 677 1760 κτήματα
720 1672 833 1738 καὶ
881 1666 1390 1762 ἐπιτηδεύματα
1433 1664 1667 1760 αἰσχρὰ
1712 1673 1824 1738 καὶ
1869 1664 2060 1738 κακά.
2156 1675 2218 1757 b)
2278 1669 2639 1759 πανουργία
2658 1724 2672 1753 ,
2723 1662 2800 1738 οὗ

365 1775 592 1867 σοφία.
687 1782 816 1845 247
865 1780 911 1846 Ο
958 1778 1251 1866 πατέρας
1304 1777 1379 1845 δὲ
1426 1819 1506 1828 ——
1555 1780 1666 1844 καὶ
1722 1777 2020 1867 μητέρας.
2112 1782 2175 1864 b)
2240 1783 2795 1865 παραμυθεῖσθαι

363 1923 444 1930 —-
495 1883 802 1970 γενέσθαι
851 1923 932 1932 -
981 1878 1461 1972 ξυνοδῦρεσθαι.
1549 1888 1599 1950 Ε
1659 1907 1781 1952 non
1846 1888 2189 1952 inconsulte
2248 1888 2473 1970 scripta
2530 1906 2663 1951 esse
2708 1887 2797 1950 vi-

360 1992 621 2056 dentur:
676 1989 930 2076 λέγεται
978 2030 1059 2038 --
1105 1980 1447 2079 ἀνήρτηται
1495 2029 1576 2038 —-
1624 1985 1955 2078 αἰωρεῖται
1989 2029 2071 2038 --
2103 1979 2500 2079 ἠνάγκασται
2542 2028 2623 2038 ·—-
2655 2015 2793 2054 πα-

359 2088 793 2182 ρεσκεῦασται,
842 2099 1125 2180 quamvis
1169 2118 1292 2164 non
1334 2099 1839 2181 respondentibus
1893 2099 2039 2162 loois
2082 2099 2283 2180 posita
2329 2100 2471 2162 sint.
2564 2099 2691 2162 248
2737 2098 2792 2161 Β

360 2201 471 2265 καὶ
519 2201 819 2288 πατέριον
861 2200 973 2266 καὶ
1018 2200 1322 2290 μητέρων.
1418 2203 1464 2269 Ο
1511 2206 1780 2285 κοσμεῖν
1824 2190 1863 2290 ἢ
1907 2206 2183 2290 θρηνεῖν.
2263 2205 2319 2267 D
2372 2194 2637 2267 κάλλιον
2680 2201 2794 2266 καὶ

361 2295 707 2395 ὀρθότερον
764 2307 878 2374 καὶ
935 2297 1086 2397 ἡμῖν
1143 2305 1716 2398 προσφιλέστερον.
1823 2309 1887 2394 b)
1948 2303 2239 2391 κοσμίως
2284 2347 2365 2359 --
2412 2296 2628 2389 αξίως.
2742 2310 2792 2373 Ε

360 2411 618 2479 ἐκείνων
663 2452 744 2461 -
790 2438 939 2493 τους
991 2404 1197 2479 αυτῶν
1241 2454 1323 2463 -—
1369 2406 1536 2501 υπέρ
1597 2405 1839 2494 αὑτῶν,
1902 2405 1991 2492 (ὃς
2046 2406 2224 2503 ἡμῶν
2270 2454 2351 2462 -
2400 2438 2793 2503 γηροτροφη-

360 2511 599 2584 σόντων
658 2558 740 2567 -—
803 2518 916 2585 καὶ
976 2517 1542 2609 ἐπιμελησομέιωι
1597 2558 1679 2567 -
1743 2517 2017 2585 ἐκείν.ων
2110 2524 2237 2586 249
2282 2524 2337 2585 A
2395 2525 2456 2606 a)
2517 2518 2796 2607 πατέρες

358 2648 428 2690 τε
473 2626 585 2690 καὶ
628 2624 913 2714 μητέρες.
1006 2629 1071 2712 b)
1137 2648 1241 2693 sex
1281 2628 1601 2711 participia
1648 2628 1928 2692 similiter
1969 2628 2221 2692 definita
2286 2647 2411 2691 non
2453 2628 2792 2692 inoonsulte

360 2733 631 2798 adhibita
676 2753 809 2798 esse
853 2734 1158 2810 videntur,
1204 2753 1587 2815 quamquam
1648 2753 1768 2798 non
1833 2734 2341 2815 respondentibus
2400 2734 2547 2797 loeis
2593 2734 2793 2815 posita

360 2843 536 2903 sunt:
613 2830 1000 2925 κοσμήσασα
1060 2876 1142 2885 -—
1199 2826 1772 2925 ἇναμιμνήσκουσα
1819 2875 1900 2884 -
1958 2835 2230 2902 διδοῦσα
2278 2876 2355 2883 —-
2403 2834 2661 2920 τιμῶσα
2708 2877 2789 2885 —-

358 2941 644 3008 ποιοῖ-σα
691 2948 770 2991 -’-
817 2948 1105 3009 τιθεῖσα.
1196 2947 1254 3029 o)
1305 2936 1791 3032 ἐπιτηδεύματα
1836 2931 2089 3029 ὄργανα.

533 3053 592 3115 2.
639 3051 1196 3134 Pareoheses¹)‚
1244 3052 1547 3134 imprimis
1593 3052 2317 3127 homoeooatarota‚
2364 3069 2521 3132 quae
2568 3070 2605 3114 a
2650 3052 2793 3115 Dio-
2844 3064 3051 3150 §14‚‚

355 3157 531 3239 nysio
581 3154 840 3238 Gorgiae
883 3158 1244 3222 tribuuntur
1267 3158 1332 3239 ²).

531 3262 766 3327 Notum
811 3267 906 3329 est
951 3264 1230 3340 schema,
1277 3262 1439 3345 quod
1485 3263 1806 3327 exhibetur
1849 3262 2007 3325 Plat.
2056 3261 2269 3345 Symp.
2321 3264 2445 3326 185
2496 3261 2542 3327 G
2608 3266 2792 3325 Παυ-

357 3363 580 3431 σανίου
623 3364 1060 3450 παυσαμένου.
1111 3368 1294 3450 Gorg.
1343 3368 1586 3452 Olymp.
1641 3390 1819 3454 κηρι
1812 3390 1955 3452 γμα
1997 3366 2221 3431 καλεῖ.
2273 3406 2354 3414 -
2402 3368 2560 3432 Plat.
2609 3367 2790 3449 Gorg.

359 3474 486 3537 448
535 3474 581 3539 C
641 3476 702 3559 a)
767 3468 1136 3558 ἐμπειρία
1194 3512 1276 3521 -—
1340 3478 1564 3538 ποιεῖ
1623 3512 1705 3520 -
1770 3464 2220 3561 πορεύεσθαι.
2322 3475 2386 3556 b)
2446 3470 2663 3560 τέχνην
2710 3512 2791 3520 -

355 3569 558 3665 τύχην.
666 3580 876 3663 Symp.
942 3582 1066 3646 195
1113 3581 1163 3644 Ε
1223 3577 1336 3643 καὶ
1392 3577 1570 3643 ποσὶ
1632 3577 1745 3643 καὶ
1802 3571 2044 3665 πάντῃ.
2152 3580 2277 3643 196
2323 3580 2381 3643 D
2441 3581 2502 3663 a)
2561 3576 2796 3643 πᾶσαν

355 3709 413 3747 π
430 3682 653 3772 οίησιν.
760 3688 824 3770 b)
887 3710 946 3749 π
963 3682 1172 3773 οίησιν
1224 3677 1517 3749 πάντων.
1645 3687 1769 3750 197
1819 3685 1875 3748 D
1942 3676 2191 3748 πόθου
2266 3676 2511 3772 πατήρ.
2619 3686 2668 3750 Ε
2729 3683 2797 3749 ἐν

351 3816 398 3872 μ
416 3782 562 3877 ὁθῳ
609 3788 676 3854 ἐν
715 3817 762 3874 μ
782 3784 930 3878 ‘57¹2’-

534 3967 572 4036 1)
611 3967 860 4039 Hermog.
901 3970 966 4023 de
1002 3968 1206 4025 invent.
1245 3970 1296 4037 4,
1336 3970 1396 4021 7:
1461 3964 1765 4039 παρήχησίς
1803 3971 1919 4020 ἐστι
1955 3964 2142 4022 κάλλος
2176 3960 2379 4035 ὁμοίων
2414 3959 2697 4035 ὀνομάτων
2735 3971 2796 4019 ἐν

354 4053 599 4127 διαφόρῳ
633 4054 830 4129 γνώσει
866 4050 1069 4109 ταύτὸν
1106 4050 1398 4126 ἠχούντων.
1457 4087 1523 4096 -
1580 4056 1620 4127 2)
1658 4056 1800 4124 apud
1836 4054 2009 4109 Schol.
2050 4056 2117 4108 ad
2153 4054 2402 4125 Hermog.
2440 4060 2565 4125 περὶ
2604 4054 2792 4110 ἰδεῶνε

351 4149 462 4199 τοῖς
515 4164 574 4196 τε
628 4151 878 4215 παρίσοις
911 4150 1001 4197 καὶ
1035 4138 1456 4212 ὅμοιοτελεύτοις
1507 4150 1597 4196 καὶ
1652 4137 1735 4211 ὀμ
1751 4165 1809 4197 οι
1826 4140 2281 4213 οκατᾰρκτοις
2333 4142 2682 4207 καλλωπίζων
2720 4138 2794 4197 δι’

339 4226 478 4285 ὅλου
513 4226 644 4302 πρὸς
678 4230 838 4303 κόρον
872 4227 970 4285 τὸν
1004 4230 1178 4305 λόγον.
