3250 4700
1509 217 1585 279 11

329 423 862 512 μεμηχανημένος,
915 414 1083 490 ὥστε
1129 425 1405 491 δοκεῖν
1447 420 1707 490 εἰδέναι.
1770 426 1962 491 4860
2009 425 2215 510 (Call.)
2263 412 2521 504 ἄσκει,
2570 415 2771 489 ὁπό-

327 537 474 596 θεν
532 523 797 611 δόξεις
854 536 1194 619 φρονεῖν.
1289 533 1346 596 D
1403 529 1604 617 ζηλῶν
1657 518 1921 617 όῖνδρας,
1973 522 2073 609 οἷς
2113 527 2253 596 ἔστι
2298 529 2411 595 καὶ
2455 527 2603 615 βίος
2656 531 2779 594 καὶ,

327 637 366 701 ὃ
380 629 416 701 o'
433 637 542 717 ξα.
635 638 773 702 Iam
818 639 1252 720 intellegimus
1299 639 1498 720 qualis
1557 639 1781 704 evadat
1824 639 2207 704 aristocratia
2253 657 2291 703 a
2338 638 2589 703 Socrate
2636 640 2786 702 lau·-

327 746 492 809 data.
582 743 736 808 Esse
781 745 946 809 enim
991 745 1234 809 videtur
1277 746 1548 808 virorum
1577 731 1973 822 ἆσκοόντων,
2020 733 2277 808 ὁπόθεν
2306 735 2569 823 δόξουσι
2606 766 2769 831 φρο-

327 854 472 928 νεῖν,
534 851 640 932 qui
702 851 930 914 blanda
987 851 1096 914 illa
1139 852 1442 915 rhetorica
1499 851 1653 932 (522
1670 852 1726 914 D
1786 842 2101 937 κολακικὴ
2148 841 2472 936 ῥητορική)
2530 850 2771 914 famam

329 957 444 1021 sibi
501 956 768 1038 pariunt.
861 955 1000 1035 Qua
1059 957 1138 1020 ab
1201 957 1478 1039 opinione
1530 977 1641 1020 nos
1687 976 1970 1022 revocare
2015 977 2139 1020 non
2182 959 2383 1038 potest
2423 956 2771 1021 communis

250 1105 270 1125 0
324 1064 426 1126 ille
469 1063 674 1137 locuS‚
735 1062 841 1144 qui
884 1063 1142 1126 orationi
1185 1063 1456 1127 insertus
1501 1067 1598 1126 est
1647 1064 1775 1126 246
1794 1063 1843 1126 E
1890 1058 2079 1125 πᾶσα
2124 1053 2455 1148 ἐπιστήμη
2498 1059 2767 1146 χωριζο-

325 1165 482 1254 μένη
529 1158 938 1254 δικαιοσύνης
981 1165 1093 1231 καὶ
1139 1165 1252 1254 τῆς
1295 1153 1489 1254 ἔλλης
1533 1155 1759 1254 ἀρετῆς
1802 1162 2179 1252 πανουργία,
2224 1155 2298 1232 οὗ
2350 1162 2560 1255 σοφία
2606 1163 2769 1254 φαί-

331 1295 525 1337 νεται.
614 1273 784 1338 'Nam
849 1275 1038 1338 etiam
1095 1273 1354 1355 Gorgias
1412 1278 1653 1350 censet,
1724 1275 2024 1339 rhetorica
2068 1275 2228 1340 iuste
2274 1294 2409 1340 esse
2464 1275 2779 1340 utendum

330 1381 552 1463 (457ss
609 1366 774 1442 ἀλλὰ
829 1375 1104 1455 δικαίως
1161 1380 1272 1442 καὶ
1329 1376 1407 1467 τῇ
1453 1376 1753 1466 ῥητορικῇ
1807 1376 2149 1467 χρῆσθαι)
2182 1384 2246 1445 et
2291 1379 2571 1444 Callicles
2618 1379 2781 1443 dicit

329 1487 458 1550 490
476 1489 560 1549 A:
625 1482 814 1549 τοῦτο
861 1475 1048 1566 οἶμαι
1109 1476 1236 1570 ἐγὼ
1279 1477 1356 1548 τὸ
1417 1481 1675 1549 δίκαιον
1717 1476 1881 1550 εἶναι
1929 1477 2149 1572 φύσει,
2210 1477 2287 1548 τὸ
2328 1481 2563 1567 βελτίω
2609 1471 2767 1548 ὅντα

327 1589 440 1654 καὶ
498 1580 975 1677 φρονιμώτερον
1031 1589 1143 1654 καὶ
1203 1578 1416 1676 ἄρχειν
1478 1590 1591 1654 καὶ
1655 1590 1859 1656 πλέον
1921 1586 2085 1672 &etv
2140 1589 2269 1654 τῶν
2328 1589 2789 1678 φαυλοτέρωνς-

335 1717 493 1780 quae
539 1698 726 1762 verba
782 1698 1064 1779 quamvis
1123 1698 1313 1762 etiam
1370 1699 1685 1763 meliorem
1742 1699 1867 1761 vim
1926 1698 2151 1762 habere
2194 1698 2518 1762 videantur
2578 1715 2768 1778 quam

331 1822 432 1879 ea,
500 1823 658 1885 quae
727 1802 1008 1868 Socrates
1075 1804 1140 1867 in
1208 1804 1621 1868 describendis
1690 1804 2163 1868 Atheniensium
2228 1804 2532 1867 institutis
2600 1803 2779 1877 dicia

331 1914 543 1974 tamen
603 1929 728 1973 non
787 1913 883 1973 est
940 1910 1226 1985 dubium,
1285 1911 1435 1992 quin
1482 1908 1762 1974 Callicles
1821 1930 1924 1974 eos
1984 1911 2050 1973 in
2095 1911 2301 1973 animo
2346 1910 2604 1984 habeat,
2664 1909 2771 1989 qui

331 2015 664 2080 rhetoricae
709 2034 830 2079 usu
876 2015 1088 2080 diserti
1132 2016 1280 2080 facti
1325 2016 1590 2098 speciem
1637 2016 1880 2080 virtutis
1924 2017 2277 2098 praebeant.

509 2122 830 2186 Praeterea
886 2141 959 2186 ea
1003 2141 1194 2203 quam
1238 2122 1494 2205 Hippias
1538 2123 1723 2187 Eleus
1767 2123 2001 2186 invenit
2060 2122 2329 2204 (Protag.
2394 2123 2521 2185 337
2550 2118 2598 2184 C
2628 2122 2769 2203 sq.)‚

335 2227 616 2292 Callicles
661 2227 1014 2292 Platonicus
1060 2229 1380 2311 usurpavit
1427 2227 1638 2310 (Gorg.
1684 2230 1813 2292 482
1832 2229 1904 2292 E.
1950 2230 2079 2292 483
2096 2205 2323 2311 A—D)
2382 2227 2774 2291 distinctione

330 2334 480 2398 iuris
537 2334 836 2399 naturalis
884 2337 947 2415 et
991 2335 1316 2416 excogitati
1363 2336 1460 2400 vel
1497 2335 1737 2417 legibus
1785 2335 2052 2418 expressi
2108 2335 2501 2418 philosophus
2557 2333 2769 2397 ludere

332 2441 600 2516 videtur,
658 2460 802 2504 cum
848 2440 923 2505 de
967 2441 1323 2523 Pelopibu8‚
1373 2440 1625 2505 Cadmis
1643 2490 1657 2517 ‚
1702 2441 1921 2506 ceteris
1966 2441 2118 2505 dicit
2162 2443 2289 2505 245
2310 2441 2367 2503 D
2416 2430 2607 2526 φίσει
2650 2436 2789 2520 μὲν·

328 2536 646 2630 βάρβαροι
715 2533 906 2622 ὄντες,
979 2538 1154 2631 νόμῳ
1223 2543 1296 2610 δὲ
1351 2535 1663 2633 Ἕλληνες.
1780 2546 1957 2626 Quod
2022 2548 2218 2611 multo
2287 2547 2477 2611 etiam
2543 2546 2768 2610 clarius

329 2653 545 2728 reddit,
591 2672 736 2717 cum
777 2654 977 2717 239A
1009 2654 1382 2718 contrarium
1415 2655 1642 2718 voculis
1688 2647 1983 2738 ἶσογονία
2025 2657 2090 2718 et
2132 2647 2437 2733 ἰσονομία
2477 2652 2766 2717 effectum

330 2758 556 2823 additis
601 2760 800 2823 verbis
858 2749 1024 2822 κατὰ
1087 2750 1281 2845 φύσιν
1331 2797 1411 2805 -
1458 2750 1625 2822 κατὰ
1684 2750 1879 2840 νόμον
1924 2760 2247 2842 sophistice
2294 2759 2479 2822 simul
2524 2761 2585 2821 et
2630 2761 2792 2821 tau--

329 2865 554 2945 tologia
601 2884 758 2947 quae
803 2865 1028 2929 dicitur
1068 2865 1340 2929 admissa
1385 2867 1643 2930 exacuit.
1736 2866 1943 2930 Etiam
1988 2866 2173 2929 ceteri
2218 2865 2363 2941 loci,
2420 2865 2507 2928 in·
2542 2863 2767 2945 quibus

330 2991 474 3035 cum
543 2971 814 3053 quadam
880 2971 940 3034 vi
1011 2972 1242 3036 voculis
1305 2962 1500 3057 φύσις
1559 2975 1622 3036 et
1678 2962 1823 3058 φύω
1883 2972 2108 3047 utitur,
2179 2972 2437 3035 eandem
2496 2971 2769 3035 scholam

331 3096 542 3160 sapere
600 3078 917 3143 videntur:
979 3079 1108 3141 237
1124 3080 1178 3141 A
1239 3078 1466 3143 milites
1526 3078 1711 3141 occisi
1766 3078 2057 3142 laudandi
2116 3080 2262 3141 sunt
2320 3067 2487 3139 κατὰ
2551 3066 2767 3162 φύσιν,

328 3170 577 3267 ἀγαθοὶ
623 3169 684 3245 δ’
717 3179 1006 3267 ἐγένοντο
1064 3174 1177 3247 διὰ
1221 3173 1299 3246 τὸ
1341 3179 1535 3270 φῦναι
1597 3183 1699 3265 (cf.
1746 3185 1947 3247 239A
1990 3180 2203 3259 καλῶς
2247 3172 2530 3270 φύντες);
2590 3201 2766 3265 porro

331 3291 458 3353 245
479 3290 534 3353 D
578 3280 654 3352 τὸ
698 3286 812 3376 τῆς
855 3279 1111 3365 πόλεως
1155 3290 1435 3373 γενναῖον
1469 3326 1550 3335 -
1584 3279 1777 3377 φύσει
1820 3280 2319 3375 μισοβάρβαρον.

505 3395 723 3477 Itaque
775 3396 951 3459 nobis
1011 3396 1261 3476 quidem
1307 3394 1590 3459 Socrates
1648 3396 1712 3459 in
1764 3395 2095 3460 Menexeno
2160 3396 2450 3459 simulare
2506 3394 2767 3467 videtur,

331 3520 396 3566 se
453 3502 507 3565 ei
565 3502 807 3566 scholae
859 3521 980 3565 non
1038 3501 1268 3565 frustra
1311 3502 1692 3576 interfuisse,
1752 3520 1943 3582 quam
1988 3502 2052 3565 in
2098 3500 2327 3582 Gorgia
2375 3501 2613 3582 dialogo
2658 3501 2798 3563 im·-

331 3611 586 3690 pugnat‚
625 3627 740 3673 nec
783 3607 911 3671 iam
955 3608 1216 3671 dubium
1260 3626 1396 3671 esse
1425 3626 1769 3682 censemus,
1815 3608 1965 3688 quin
2004 3608 2419 3689 interpretatio
2452 3607 2769 3672 Menexeni

327 3714 572 3795 propius
619 3714 698 3777 ad
744 3713 1039 3795 Gorgiam
1082 3713 1472 3777 Platonicum
1515 3714 1775 3777 accedat
1819 3707 2066 3777 necesse
2114 3714 2211 3777 sit.

501 3820 638 3884 Hoc
681 3820 810 3885 loco
855 3840 979 3884 non
1022 3820 1263 3884 videtur
1291 3838 1426 3883 esse
1471 3838 1995 3903 supervacaneum
2028 3838 2527 3894 commemorare,
2573 3836 2770 3882 enun-

327 3926 554 3989 tiatum
615 3926 777 4007 quod
835 3926 1062 4006 legitur
1104 3925 1340 3990 Menex.
1434 3926 1563 3989 246
1584 3926 1635 3988 Ε
1699 3911 1873 4009 ὄλλιξ»
1908 3916 2040 4010 γὰρ
2086 3914 2121 3988 ὃ
2163 3922 2457 4001 τοιοῦτος
2502 3922 2771 3986 πλουτεῖ

328 4030 439 4094 καὶ
489 4018 597 4113 οὐχ
631 4026 837 4117 ἑαιτῷ
872 4051 1160 4097 resonare
1221 4032 1405 4096 verba
1456 4030 1720 4113 Gorgiae
1766 4050 1923 4113 quae
1967 4033 2259 4113 leguntur
2305 4032 2487 4111 Gorg.
2534 4032 2661 4094 452
2684 4029 2734 4092 E
2754 4050 2793 4092 t.

329 4128 363 4201 ό
422 4135 495 4202 δὲ
554 4128 985 4224 χρηματιστὴς
1043 4118 1227 4213 οὗτος
1287 4122 1462 4222 {imp
1521 4125 2001 4224 ἀναφανήσεται
2062 4127 2601 4223 χρηματιζόμενος
2657 4135 2768 4199 καὶ

383 4230 401 4257 )
543 4233 560 4258 (
630 4241 661 4255 συ

331 4267 442 4324 Ουχ
487 4267 679 4331 αυτῳ.
