3250 4700
1522 180 1604 240 33

334 393 398 474 b)
459 381 608 466 τοὺς
659 386 780 471 μὲν
836 379 1357 474 τετελευτηκότας
1405 382 1640 465 ἱκανῶς
1687 385 2135 466 ἐπαινέσεται,
2192 386 2200 475 Ι
2255 392 2395 466 τοῖς
2458 387 2532 454 δὲ
2582 387 2777 469 ζῶσιν

335 484 610 578 εὗμενῶς
651 491 1113 580 παραινέσεται
1135 494 1207 578 1).
1301 496 1428 559 237
1479 493 1524 558 C
1586 491 1883 580 πολλαχῇ
1924 491 2045 574 μὲν
2089 492 2203 556 καὶ
2247 480 2423 580 ἷίλλῃ,
2468 494 2475 580 Ι
2517 494 2779 582 πρῶτον

337 599 410 665 δὲ
455 599 568 665 καὶ
612 599 936 687 μέγιστον.
1030 601 1158 664 238
1201 601 1255 663 Β
1315 590 1484 685 πρός
1537 621 1606 663 τε
1652 590 1765 686 τὴν
1808 587 2212 694 καθ’ἧμέραν
2257 594 2514 663 δίαιταν
2556 600 2778 683 τέχνας

337 698 638 793 πρώτους
696 696 1202 787 παιδευσάμενοι
1260 703 1268 790 Ι
1321 703 1433 769 καὶ
1492 695 1663 792 πρὸς
1714 696 1827 791 τὴν
1868 694 2036 790 ὑπὲρ
2079 702 2193 791 τῆς
2235 696 2446 791 χώρας
2491 699 2778 795 φυλακὴν

338 802 560 876 ὅπλων
599 807 824 898 κτῆσίν
878 833 948 874 τε
991 809 1106 874 καὶ
1159 807 1380 897 χρῆσιν
1436 801 1872 893 διδαξάμενοι.
1967 810 2013 876 C
2071 801 2234 897 καλὴ
2280 808 2401 893 μὲν
2444 799 2717 898 ἆγαθῶν
2764 813 2771 900 Ι

335 909 372 1004 ἡ
421 905 740 982 δ’ἒναντία
781 913 1016 980 κακῶν.
1109 919 1236 981 239
1284 917 1337 979 Β
1378 903 1696 1001 Ἀργείοις
1751 907 1920 998 πρὸς
1963 912 2333 998 Καδμείους
2372 918 2379 1004 Ι
2422 917 2533 982 καὶ
2578 909 2775 1004 (Ηρα-

335 1019 623 1100 κλείδαις
668 1013 836 1106 πρὸς
862 1010 1203 1108 Ἀργείους.
1297 1023 1353 1085 D
1411 1011 1796 1106 ῗγουμένους
1862 1018 1977 1108 τῆς
2016 1009 2247 1098 Ἄσίας
2287 1039 2294 1108 Ι
2337 1021 2449 1086 καὶ
2515 1023 2775 1089 δουλου-

333 1127 564 1212 μένους
618 1120 731 1215 τὴν
793 1115 1125 1213 Εὐρώπην.
1220 1129 1342 1192 241
1395 1129 1448 1191 Β
1519 1129 1579 1212 a)
1652 1125 1764 1191 καὶ
1824 1119 2075 1213 πλήθει
2130 1125 2242 1190 καὶ
2311 1120 2575 1214 πλοίτῳ
2614 1133 2621 1216 Ι
2664 1129 2776 1194 καὶ

334 1233 516 1321 τέχνῃ
561 1234 674 1298 καὶ
721 1225 919 1320 ῥώμῃ.
1012 1235 1076 1317 b)
1134 1231 1262 1297 τῶν
1304 1256 1373 1297 τε
1413 1230 1791 1319 ΖΙἸαραθῶνι
1836 1230 2292 1315 μαχεσαμένων
2332 1233 2338 1320 Ι
2381 1232 2493 1298 καὶ
2538 1233 2665 1298 τῶν
2710 1234 2778 1299 ἐν

339 1339 655 1422 Σαλαμῖνι
701 1331 1250 1426 ναυμαχησάντων.
1346 1338 1392 1404 C
1437 1328 1570 1402 ὖπὸ
1613 1335 1734 1420 μὲν
1776 1336 1904 1402 τῶν
1947 1329 2116 1402 κατὰ
2162 1337 2273 1426 γῆν
2312 1341 2321 1422 Ι
2362 1329 2493 1403 ὖπὸ
2538 1339 2613 1405 δὲ
2650 1339 2779 1405 τῶν

335 1437 502 1509 κατὰ
565 1437 916 1509 θάλατταν.
1029 1446 1079 1508 Ε
1142 1445 1212 1508 οἵ
1260 1466 1330 1508 τε
1392 1432 1502 1507 ἐπ’
1565 1431 1993 1529 Εὗρυμέδοντι
2047 1436 2555 1532 ναυμαχήσαντες
2605 1446 2611 1534 Ι
2663 1447 2775 1511 καὶ

337 1547 396 1615 οἱ
455 1546 551 1628 εἰς
596 1542 868 1636 Κύπρον
924 1541 1417 1635 στρατεύσαντες
1457 1549 1464 1634 Ι
1506 1548 1619 1613 καὶ
1683 1544 1742 1614 οἶ
1801 1544 1855 1613 εἶ
1863 1574 1896 1626 ς
1955 1543 2310 1635 Αἴγυπτον
2365 1543 2771 1630 πλεύσαντες.

335 1660 461 1722 242
510 1660 565 1721 Α
615 1647 860 1743 εἰρήνης
915 1653 988 1719 δὲ
1046 1655 1379 1742 γενομένης
1419 1655 1426 1742 Ι
1467 1655 1579 1718 καὶ
1623 1653 1738 1742 τῆς
1781 1647 2038 1733 πόλεως
2078 1657 2457 1774 τιμωμένης.
2552 1661 2680 1722 243
2728 1658 2774 1724 Ο

335 1754 704 1848 νικήσαντες
745 1759 866 1844 μὲν
907 1752 1056 1838 τοῖς
1088 1757 1457 1843 πολειιίοις,
1502 1759 1509 1846 Ι
1549 1753 1893 1843 λτσάμενοι
1939 1759 2012 1824 δε
2053 1784 2201 1838 τους
2232 1759 2506 1849 φιλίοις.
2599 1767 2655 1829 D
2705 1753 2776 1828 οὗ

338 1859 534 1949 μόνον
575 1892 689 1955 την
727 1859 874 1931 τότε
918 1862 1288 1948 ναιμαχίαν,
1333 1865 1352 1987 Ι
1381 1853 1546 1930 αλλὰ
1600 1865 1713 1930 καὶ
1759 1858 1883 1930 τὸν
1912 1853 2105 1931 αλλον
2148 1859 2452 1958 πόλεμον.
2547 1871 2675 1933 244
2720 1871 2774 1934 Β

336 1998 423 2037 ων
465 1997 504 2037 τ
558 1971 958 2060 εποιησαμεν
999 1954 1086 2037 ὧν
1128 1961 1186 2035 τ’
1222 1963 1586 2054 ἐπάθομεν.
1680 1975 1811 2036 246
1842 1974 1898 2036 Ι)
1947 1971 2105 2058 πρὶν
2148 1963 2313 2055 ὑμᾶς
2355 1997 2425 2038 τε
2467 1974 2582 2038 καὶ
2628 1967 2777 2052 τοὺς

335 2074 566 2144 ε’πειτα
609 2073 704 2156 εἷς
768 2066 975 2165 ὀνείδη
1020 2075 1422 2165 καταστῆσαι
1463 2076 1470 2164 Ι
1513 2076 1624 2141 καὶ
1671 2075 1831 2164 πρὶν
1877 2069 2026 2155 τοὺς
2084 2067 2424 2165 ἡμετέρους
2485 2079 2777 2165 πατέρας

335 2183 445 2248 καὶ
492 2182 630 2248 πᾶν
673 2175 750 2248 τὸ
794 2175 1094 2271 πρόσθεν
1138 2184 1318 2270 γένος
1363 2178 1677 2264 αἰσχῦναι.
1767 2186 1895 2248 248
1929 2184 1985 2247 D
2031 2175 2179 2260 τοὺς
2207 2182 2327 2266 μὲν
2357 2177 2777 2264 παιδεύοντες

337 2287 646 2373 κοσμίως,
692 2291 698 2377 Ι
739 2281 889 2368 τοὺς
949 2287 1023 2355 δὲ
1068 2287 1602 2378 γηροτροφοῦντες
1665 2278 1881 2370 ἀξίως.
1972 2291 2022 2354 Ε
2084 2287 2212 2355 τῶν
2254 2289 2374 2373 μὲν
2416 2295 2773 2375 μιμεῖσθαι

331 2389 480 2474 τοὺς
525 2387 749 2474 αἰτῶν,
793 2396 800 2483 Ι
841 2394 970 2460 τῶν
1015 2394 1088 2460 δὲ
1134 2400 1402 2484 θαρρεῖν
1445 2386 1612 2481 ὑπὲρ
1657 2386 1880 2460 αὑτῶν.

509 2506 570 2567 2.
637 2504 956 2568 Accedunt
996 2504 1108 2567 loci
1153 2504 1448 2578 nonnulli,
1494 2504 1558 2565 in
1603 2504 1827 2584 quibus
1859 2522 2241 2585 quamquam
2271 2504 2416 2567 ordo
2447 2506 2771 2569 verborum
2818 2504 2881 2590 ξ.
2928 2506 3046 2573 22.

330 2629 450 2673 non
497 2628 690 2690 aeque
747 2612 1032 2673 accurate
1078 2609 1464 2684 observatur,
1523 2612 1734 2672 tamen
1780 2609 2012 2689 aliquid
2058 2599 2488 2694 παρισώσεως
2530 2611 2773 2674 videtur
2866 2658 2874 2665 -

332 2715 570 2779 inesse:

506 2821 791 2886 Menex.
883 2822 1012 2883 236
1059 2820 1108 2882 E
1180 2810 1471 2903 ἐκγόνοις
1531 2816 1651 2900 μὲν
1705 2817 1816 2883 καὶ
1875 2806 2187 2907 ἀδελφοῖς
2230 2859 2315 2866 —-
2376 2820 2771 2906 παρακελευ-

333 2917 574 3007 όμενος,
619 2926 627 3011 Ι
669 2922 960 3009 πατέρας
1019 2922 1092 2989 δὲ
1147 2923 1258 2987 καὶ
1302 2921 1581 3011 μητέρας
1623 2964 1713 2972 -
1756 2917 2364 3010 παραμυθούμενος.
2459 2929 2585 2991 239
2634 2930 2689 2991 Α
2737 2918 2772 3014 ἡ

331 3026 624 3116 ἶσογονία
682 3020 850 3117 ἡμᾶς
896 3020 934 3116 ἡ
995 3020 1163 3095 κατὰ
1225 3022 1421 3117 φύσιν
1477 3031 1484 3114 Ι
1544 3024 1884 3111 ἰσονομίαν
1940 3018 2287 3116 ἀναγκάζει
2347 3028 2551 3119 ζητεῖν
2607 3026 2773 3097 κατὰ

329 3128 540 3219 νόμον.
632 3138 686 3200 Β
744 3134 857 3199 καὶ
890 3125 1191 3221 (Ἑλλησιν
1245 3125 1409 3221 ὑπὲρ
1466 3125 1774 3223 Ἑλλήνων
1826 3127 2158 3217 μάχεσθαι
2200 3138 2207 3223 Ι
2250 3136 2361 3201 καὶ
2420 3130 2775 3226 βαρβάροις

329 3232 498 3327 ’ὑπὲρ
541 3232 849 3306 ἁπάντων
892 3238 1020 3306 τῶν
1060 3232 1387 3328 Ἑλλήνων.
1464 3243 1514 3306 Ε
1562 3240 1675 3305 καὶ
1719 3232 1867 3318 τοὺς
1912 3233 2239 3319 δεσπότας
2272 3234 2544 3330 Μήδους
2590 3240 2771 3307 ἐδου-

329 3339 585 3411 λώσατο
625 3347 632 3416 Ι
675 3346 787 3411 καὶ
832 3343 947 3433 τῆς
985 3333 1179 3433 αλλης
1211 3334 1435 3424 Ασίας
1477 3345 1666 3433 μέχρι
1711 3339 2067 3432 A22113v2mov
2110 3333 2306 3435 ἦρξεν.
2402 3351 2529 3413 240
2562 3350 2618 3412 D
2666 3349 2771 3413 δε-

332 3443 590 3551 ξάμενοι
649 3477 762 3539 την
817 3450 945 3517 τῶν
1003 3443 1342 3538 βαρβάρων
1387 3444 1498 3516 δίν
1487 3477 1655 3535 ἀμιν
1693 3452 1701 3540 Ι
1743 3452 1854 3517 καὶ
1900 3446 2330 3535 κολασάμενοι
2374 3444 2484 3539 τὴν
2533 3443 2771 3541 ὖπερη-

329 3554 567 3645 φανίαν
598 3547 745 3645 όλης
801 3555 914 3644 τῆς
941 3546 1171 3634 Ασίας
1212 3561 1219 3641 Ι
1263 3558 1372 3621 καὶ
1419 3556 1675 3644 πρῶτοι
1706 3550 2051 3646 στήσαντες
2108 3550 2398 3646 τρόπαια
2442 3558 2569 3623 τῶν
2612 3564 2771 3646 βαρ-

332 3654 565 3749 βάρων.
637 3664 933 3729 Similiter
976 3665 1296 3747 participia
1338 3666 1401 3727 in
1446 3665 1616 3729 initio
1658 3667 2077 3729 membrorum
2106 3666 2303 3747 posita
2334 3669 2511 3730 sunt:
2559 3669 2688 3731 243
2724 3666 2769 3731 C

329 3763 639 3850 οἰομένων
698 3760 816 3856 γὰρ
869 3757 991 3857 ἤδη
1063 3756 1254 3856 αὗτην
1309 3767 1987 3857 καταπεπολεμῆσθαι
2046 3773 2054 3854 Ι
2107 3769 2216 3833 καὶ
2276 3758 2773 3858 ἀπειλημμένων

327 3871 396 3937 ἐν
443 3866 779 3961 ,Μυτιλήνῃ
823 3873 952 3939 τῶν
992 3874 1145 3939 νεῶν
1186 3879 1193 3959 Ι
1233 3866 1679 3961 βοηθήσαντες
1724 3868 2028 3963 ἑξήκοντα
2084 3872 2319 3955 ναυσίν,
2364 3880 2371 3960 Ι
2413 3864 2593 3939 αὐτοὶ
2654 3874 2768 3959 ἒμ-

325 3971 555 4061 βάντες
613 3975 709 4058 εἷς
760 3972 877 4058 τὰς
938 3978 1102 4057 ναῦς.
1198 3982 1326 4046 244
1371 3982 1424 4044 Β
1488 3984 1671 4058 τοῖς
1728 3980 1876 4063 μέν
1934 3972 2382 4067 βαρβάροις
2438 4002 2769 4068 συγγιγ-

507 4211 547 4276 ¹)
585 4210 740 4263 Dion.
780 4210 814 4264 l.
857 4226 900 4264 ο.
941 4227 992 4278 p.
1035 4210 1187 4263 1035.
