3250 4700
1638 187 1720 248 42

459 388 748 478 μάλιστα
807 393 899 460 δέ.
1005 399 1133 460 248
1171 399 1229 460 A
1288 386 1533 480 τούτω
1590 381 1827 480 α’ριστα
1882 386 2403 481 παρεσκεύασται
2466 391 2601 481 ζῆν,
2664 374 2906 470 ουτός

465 499 641 566 ἐστιν
713 491 746 565 5
805 493 1081 591 σώφρων
1139 501 1250 566 καὶ
1327 523 1561 578 ουτος
1625 490 1659 564 5
1712 489 2001 587 ἀνδρεῖος
2070 498 2183 564 καὶ
2243 491 2591 588 φρόνιμος·
2668 522 2907 576 ουτος

463 605 866 694 γιγνομένων.

641 716 707 799 2)
781 714 1196 797 Epiphora.
1291 712 1474 794 Gorg.
1532 713 1695 796 Epit.
1742 714 2083 797 προσεῖναι
2142 749 2225 758 —
2282 715 2641 796 προσεῖναι.
2743 713 2904 776 Plat.

465 820 648 903 Gorg.
696 821 826 884 456
851 821 903 882 Β
951 809 1170 904 ἰατρόν
1216 857 1297 865 —
1345 809 1688 904 ἰατρὸν’--
1721 809 1960 902 ἰατρόν.
2039 819 2167 882 457
2194 819 2249 880 Α
2296 805 2516 899 ὀρθῶς
2548 855 2629 864 —
2664 805 2904 903 ὀρθῶς.

638 927 806 990 Men
823 945 924 990 ex.
983 927 1110 989 243
1152 924 1197 989 G
1285 911 1783 1010 ἀπειλημμένων
1842 961 1923 970 —--
1980 921 2109 986 τῶν
2176 920 2393 1002 νεῶν,
2463 914 2911 1010 βοηθήσαντες

467 1023 774 1118 ἑξήκοντα
828 1025 1144 1108 ναυσίν,
1211 1017 1394 1093 αὐτοὶ
1456 1021 1767 1112 ἐμβάντες
1821 1023 1915 1106 εἷς
1958 1020 2075 1105 τὰς
2118 1022 2331 1108 ναῦς,
2379 1048 2498 1111 quo
2543 1030 2670 1094 1000
2720 1029 2907 1092 Simul

464 1139 818 1221 polyptoton
848 1137 1194 1202 adhibitum
1240 1140 1352 1201 est.
1430 1137 1557 1200 248
1590 1137 1641 1198 E
1688 1131 1816 1199 τῶν
1855 1132 1975 1217 μὲν
2016 1137 2377 1217 μιμεῖσθαι
2420 1124 2569 1211 τοὺς
2613 1123 2907 1214 αὑτῶν,

463 1240 592 1306 τῶν
636 1239 710 1306 δὲ
754 1245 1023 1328 θαρρεῖν
1065 1231 1269 1327 ὑπὲρ
1315 1231 1528 1305 αὑτῶ
1541 1265 1592 1304 ν.

643 1349 708 1433 3)
771 1349 1070 1413 Eiusdem
1123 1349 1291 1413 verbi
1350 1368 1502 1412 usus
1561 1351 1623 1412 et
1679 1349 1745 1410 in
1798 1347 1969 1411 initio
2028 1352 2091 1411 et
2144 1348 2211 1411 in
2255 1347 2375 1411 fine
2433 1347 2739 1411 enuntiati
2796 1349 2913 1410 aut

463 1457 728 1521 membri
773 1446 1076 1538 (κύκλος).

643 1561 882 1626 Menex.
931 1563 1059 1625 237
1096 1563 1151 1624 A
1197 1546 1446 1644 ἇγαθοὶ
1490 1546 1549 1622 δ’
1599 1555 1889 1643 ἐγένοντο
1923 1596 2004 1603 --
2010 1554 2115 1638 ξέξ
2153 1545 2445 1676 ιέγαθῶν.
2517 1559 2642 1621 239
2675 1558 2729 1621 Β
2758 1544 2911 1642 Λρ-

468 1661 670 1751 γείοις
710 1657 879 1751 πρὸς
908 1660 1278 1748 Καδμείους
1325 1663 1437 1727 καὶ
1481 1653 1939 1750 Ηρακλείδαις
1986 1651 2510 1784 πρὸςΛργείους.
2574 1665 2701 1726 242
2728 1664 2781 1727 Β
2817 1683 2909 1745 sq.

468 1753 644 1836 οἷτοι
690 1762 768 1858 δὴ
815 1769 1067 1858 πρῶτοι
1114 1809 1195 1817 —-
1241 1767 1496 1856 πρῶτοι
1541 1767 1882 1857 ἐτέθησαν.
1970 1772 2098 1833 243
2124 1771 2181 1833 D
2239 1757 2545 1856 ἀήττητοι
2594 1807 2675 1815 —
2711 1758 2906 1855 ἡττή-

467 1882 694 1964 θημεν.
787 1881 913 1942 242
937 1878 991 1941 Β
1027 1866 1326 1963 Ἐλλησιν
1373 1914 1454 1922 --
1500 1873 1893 1962 βοηθοῦντες
1936 1867 2105 1961 πρὸς
2135 1864 2459 1962 (Ἐλληνας.

645 1985 710 2066 4)
755 1984 1180 2066 Asyndeti‚
1240 1983 1416 2047 0111113
1461 1983 1750 2064 frequens
1797 1986 1892 2047 est
1936 1982 2101 2064 apud
2148 1980 2441 2062 Gorgiam
2486 2001 2656 2056 113113,
2711 1999 2912 2062 pauca

466 2091 531 2152 in
589 2089 926 2154 Menexeno
991 2089 1389 2153 inveniuntur
1457 2089 1734 2171 exempla
1790 2088 2128 2169 eademque
2196 2087 2428 2168 aliquid
2498 2087 2905 2155 excusationis

467 2195 718 2259 habent.

643 2301 934 2365 MeneX.
996 2302 1123 2365 237
1155 2302 1211 2364 Α
1268 2299 1449 2365 δοκεῖ
1501 2322 1617 2382 μοι
1680 2304 1818 2384 post
1874 2300 2432 2382 interrogationem.
2523 2300 2651 2363 238
2698 2299 2755 2362 D
2815 2287 2920 2375 εἷς

471 2395 636 2492 όρος,
687 2396 722 2470 5
754 2397 968 2485 δόξας.
1048 2407 1258 2471 239D
1305 2403 1557 2492 πρῶτα·
1596 2405 1862 2492 Πέρσας
1904 2395 2307 2492 ηγουμέιου-ς.
2386 2406 2591 2469 24ΟΒ
2638 2395 2915 2489 τοιοίτῳ

467 2503 730 2598 τρόπω·
801 2509 919 2575 ἐπὶ
987 2503 1068 2575 τὰ
1138 2502 1283 2596 όρια
1300 2561 1316 2591 ,
1388 2513 1611 2594 quibus
1676 2514 1823 2577 10013
1892 2513 2234 2594 asyndeton
2294 2516 2389 2576 est
2458 2512 2915 2594 explieativum.

470 2620 598 2683 248
645 2621 700 2682 Α
746 2641 929 2695 ουτος
975 2615 1376 2704 γιγνομένων,
1425 2638 1545 2701 quo
1589 2620 1720 2683 1000
1766 2620 2075 2701 anaphora
2120 2618 2397 2682 adhibita
2442 2623 2554 2682 est.
2619 2664 2625 2671 -

557 2724 600 2789 f.
668 2725 758 2788 In
803 2726 1050 2807 tropis
1095 2744 1262 2800 vero,
1323 2725 1429 2806 qui
1473 2726 1709 2807 proprie
1766 2725 1846 2788 ad
1890 2744 2083 2805 genus
2128 2724 2368 2788 dicendi
2420 2724 2731 2805 poeticum
2776 2742 2919 2805 per--

786 2832 1003 2907 tinent,
1051 2850 1194 2895 011111
1227 2830 1486 2911 Gorgias
1533 2832 1773 2895 multus
1816 2830 2005 2894 fuisse
2050 2830 2346 2905 videatur,
2394 2830 2672 2911 exempla
2718 2828 2914 2892 etiam

788 2938 854 3000 in
897 2937 1233 3002 Menexeno
1279 2937 1631 3017 quaerenda
1678 2940 1843 3012 sunt,
1886 2936 2247 3019 praesertim
2294 2954 2439 2999 011111
2483 2935 2816 3015 Dionysius
2840 2935 2916 3018 ¹),

793 3060 914 3123 qua
957 3042 1192 3107 ratione
1236 3060 1432 3122 genus
1477 3042 1783 3125 tropicum
1826 3061 1865 3105 a
1907 3042 2161 3105 Platone
2206 3041 2553 3105 adhibitum
2598 3044 2787 3116 esset,
2850 3040 2918 3102 in

795 3148 1090 3228 singulari
1136 3149 1650 3213 commentatione
1697 3167 1761 3212 se
1808 3148 2225 3230 expositurum
2271 3166 2406 3211 esse
2451 3147 2684 3210 dixerit.

652 3253 714 3337 1)
787 3254 1257 3318 Translatio
1303 3274 1349 3318 s,
1395 3256 1779 3336 metaphora.
1866 3252 2049 3333 Gorg.
2094 3252 2255 3335 Epit.
2324 3242 2729 3338 θεράποντες
2784 3247 2923 3314 τῶν

472 3348 718 3436 ἀδίκως
777 3350 1264 3439 δυστυχούντων.
1334 3360 1514 3440 frgm.
1562 3359 1733 3441 apud
1778 3359 2033 3440 Longin.
2080 3360 2155 3423 de
2200 3359 2357 3423 subl.
2406 3361 2463 3434 3,
2498 3359 2624 3421 247
2675 3354 2922 3443 Ξέρξης·

473 3455 508 3529 5
552 3462 680 3529 τῶν
727 3462 999 3551 Περσῶν
1047 3455 1223 3541 Ζεύς.
1287 3465 1467 3545 frgm.
1515 3466 1679 3547 apud
1710 3464 1960 3529 Aristot.
1996 3465 2174 3529 Rhet.
2207 3464 2323 3539 ΠΙ,
2356 3465 2397 3526 3
2442 3484 2499 3545 p.
2530 3464 2655 3526 128
2698 3451 2921 3547 χλωρὰ·

471 3569 584 3633 καὶ
631 3566 865 3652 ἔναιμα
909 3561 991 3634 τὰ
1033 3562 1389 3657 πράγματα
1438 3574 1499 3635 et
1558 3561 1637 3633 σὺ
1681 3567 1755 3634 δὲ
1796 3566 1999 3633 ταῦτα
2054 3564 2332 3655 αἰσχρῶς
2404 3566 2524 3650 μὲν
2581 3562 2911 3654 ἔσπειρας,

471 3672 690 3752 κακῶς
737 3673 810 3745 δὲ
855 3673 1182 3762 ἕθέρισας.
1277 3676 1366 3741 Cf.
1412 3676 1624 3759 Symp.
1675 3678 1800 3741 196
1826 3678 1881 3739 A
1940 3662 2211 3738 ἇνανθεῖ
2273 3665 2392 3759 γὰρ
2447 3674 2561 3738 καὶ
2605 3662 2911 3761 οἷπηνθηΦ

469 3773 616 3845 κὸτι
660 3778 772 3844 καὶ
816 3773 1071 3864 σώματι
1115 3778 1230 3845 καὶ
1279 3779 1465 3868 ψυχῇ.

653 4047 691 4114 1)
728 4046 808 4100 De
845 4046 984 4100 adm.
1022 4044 1081 4099 Vi
1121 4045 1224 4100 dio.
1263 4045 1322 4097 in
1357 4044 1510 4099 Dem.
1551 4062 1594 4099 c.
1636 4044 1731 4099 32:
1788 4038 1851 4097 τὸ
1899 4040 2181 4122 τροπικόν,
2234 4050 2357 4115 περὶ
2405 4036 2434 4097 ὃ
2468 4042 2703 4112 μάλιστα
2742 4036 2917 4097 δεινὸς

472 4128 501 4185 ὁ
543 4131 778 4185 Πλάτων
814 4132 961 4186 δοκεῖ
995 4133 1147 4185 εἶναι.
1214 4138 1326 4185 Καὶ
1363 4164 1430 4171 -
1466 4129 1673 4198 ταύτην
1708 4138 1810 4201 μὲν
1847 4134 1919 4188 εἰς
1954 4137 2143 4203 ἕτερον
2177 4128 2365 4203 καιρὸν
2402 4125 2775 4201 ἀναβάλλομαι
2810 4128 2915 4196 τὴν

471 4221 719 4291 θεωρίαν
754 4252 821 4259 -
861 4220 1007 4273 ἰδίαν
1041 4215 1145 4293 γὰρ
1184 4213 1274 4273 ofin
1309 4214 1522 4287 ὀκνήσω
1556 4227 1681 4291 περὶ
1719 4213 1880 4288 αὐτῆς
1918 4220 2183 4291 ἐξενέγκαι
2219 4226 2610 4293 πραγματείαν.
