3250 4700
508 891 879 992 Menexeno
925 924 1236 987 Platonico
1290 923 1417 985 iam
1476 922 1617 986 inde
1664 922 1742 985 ab
1789 921 2063 1002 antiquis
2126 920 2503 1002 temporibus
2552 921 2773 1001 obtigit
2817 915 2879 1000 ξ.
2928 914 2992 980 1.

328 1033 395 1096 id
443 1032 607 1114 quod
655 1031 953 1094 Horatius
999 1029 1176 1092 dicit:
1225 1029 1516 1091 laudatur
1561 1029 1641 1090 ab
1687 1028 1802 1103 1113,
1848 1028 2135 1108 culpatur
2178 1028 2257 1090 ab
2303 1027 2439 1090 11113.
2529 1029 2584 1089 A
2629 1027 2774 1090 Dio-

331 1138 510 1220 nysio
560 1137 724 1201 enim
769 1134 1370 1216 Halicarnassensi1)
1433 1152 1578 1196 cum
1638 1133 1852 1197 acerbe
1898 1133 2279 1214 vituperatus
2340 1135 2502 1196 esset
2522 1180 2536 1208 ‚
2594 1133 2649 1196 ei
2694 1134 2772 1196 ab

329 1244 722 1322 Hermogene
750 1243 797 1324 2)
845 1241 1054 1322 palma
1085 1239 1466 1320 eloquentiae
1497 1239 1902 1320 panegyricae
1933 1239 2080 1302 data
2110 1241 2223 1302 est.
2290 1237 2529 1302 Nostris
2563 1241 2773 1303 autem
2801 1219 2811 1230 ¹

333 1348 715 1430 temporibus
761 1347 1081 1410 dissensus
1127 1346 1397 1409 virorum
1443 1346 1762 1408 doctorum
1824 1363 1891 1408 eo
1950 1344 2282 1426 productus
2343 1347 2466 1420 est,
2526 1347 2599 1407 ut
2654 1363 2774 1408 non

327 1455 460 1518 iam
512 1454 587 1517 (16
634 1456 764 1516 arte
809 1445 1131 1526 rhetorica,
1179 1451 1285 1515 sed
1332 1451 1406 1515 de
1453 1450 1682 1531 origine
1724 1450 2185 1532 disceptaretur.
2267 1449 2544 1514 Fuerunt
2588 1449 2773 1524 enim,

327 1560 434 1641 qui
507 1559 820 1639 dialogum
887 1577 924 1620 a
982 1557 1237 1620 Platone
1305 1557 1554 1620 omnino
1625 1556 2109 1619 abiudicandum
2172 1575 2306 1619 esse
2366 1559 2699 1620 censerent.
2721 1557 2771 1639 3)

329 1668 414 1728 At
475 1665 537 1726 hi
581 1683 792 1735 omnes
856 1663 1181 1726 adversam
1241 1663 1472 1726 habent
1528 1663 1895 1724 unanimam
1948 1662 2314 1744 scriptorum
2361 1662 2775 1743 antiquorum,

331 1770 639 1852 imprimis
685 1769 1031 1833 Aristotelis
1053 1770 1102 1852 4)
1172 1768 1621 1832 auctoritatem.
1716 1766 1905 1831 Cuius
1966 1787 2113 1830 cum
2167 1768 2520 1831 testimonia
2580 1768 2778 1830 mani-

327 1876 665 1940 festissima
711 1875 915 1938 adhuc
957 1878 1120 1938 recto
1169 1877 1334 1938 stent
1379 1875 1502 1937 talo
1553 1909 1636 1918 —
1682 1873 1887 1937 omnia
1926 1874 2113 1949 enim,
2161 1892 2318 1954 quae
2365 1873 2562 1936 critici
2605 1873 2775 1936 illius

322 1981 711 2045 fundamenti
756 1980 1172 2044 labefactandi
1218 1998 1410 2042 causa
1441 1980 1815 2055 attulerunt,
1872 1979 2299 2060 probabilitate
2348 1981 2559 2042 carent
2576 1980 2626 2061 5)
2692 2014 2775 2026 —-

510 2209 549 2277 1)
588 2209 668 2261 De
705 2208 1016 2262 admiranda
1055 2207 1109 2261 vi
1147 2207 1360 2260 dicendi
1395 2207 1454 2260 in
1490 2207 1847 2260 Demosthene
1884 2223 1928 2261 0.
1969 2206 2037 2260 23
2062 2223 2139 2274 sq.
2180 2207 2234 2260 Τ.
2272 2206 2365 2260 VI.
2405 2223 2456 2274 p.
2498 2205 2634 2260 1027
2662 2221 2775 2274 sqq.

329 2297 539 2352 ReiSke.
579 2327 646 2334 -—
686 2297 728 2365 2)
779 2301 903 2367 περὶ
957 2293 1117 2348 ἰδεῶν
1183 2295 1246 2349 Β.
1285 2313 1335 2364 p.
1386 2296 1510 2363 403,
1550 2295 1803 2365 Spengel:
1852 2288 1882 2346 ὁ
1936 2292 1996 2346 δὲ
2030 2293 2409 2367 πανηγυρικῶν
2444 2291 2617 2366 λόγων
2653 2291 2779 2345 κάλ-

330 2383 510 2440 λιστος
546 2416 614 2423 —-
650 2381 869 2439 πάντως
907 2378 976 2436 ἂν
1013 2385 1094 2449 εἴη
1133 2380 1310 2449 δήπου
1345 2378 1375 2436 ὁ
1415 2380 1769 2439 Πλατωνικός.
1808 2414 1876 2422 —-
1915 2384 1957 2452 3)
2006 2382 2609 2451 Schleiermacher,
2654 2383 2777 2437 Pla-

329 2476 449 2527 tons
485 2473 683 2525 Werke
721 2472 874 2527 1809.
927 2472 997 2527 Π.
1038 2473 1130 2527 Τ11.
1172 2474 1220 2526 3.
1258 2472 1356 2527 Bd.
1372 2514 1385 2540 ,
1437 2472 1530 2541 qui
1579 2472 1899 2541 dialogicam
1949 2474 2091 2525 certe
2136 2474 2340 2539 partem
2390 2471 2629 2525 Platonis
2674 2488 2778 2525 non

327 2577 444 2615 esse
481 2564 674 2615 censet.
738 2563 886 2629 Ast,
925 2561 1141 2615 Platons
1178 2561 1356 2614 Leben
1393 2562 1503 2613 und
1530 2560 1799 2614 Schriften
1838 2559 1991 2614 1816.
2060 2560 2438 2629 Goettling,
2476 2559 2779 2613 Aristotelis

328 2649 485 2703 Polit.
526 2648 681 2717 1824,
735 2650 853 2703 adn.
892 2648 950 2701 in
986 2667 1036 2718 p.
1077 2648 1196 2703 328.
1291 2648 1540 2717 Zeller,
1591 2648 1785 2717 platon.
1838 2648 2064 2701 Studien
2116 2646 2269 2701 1839.
2345 2647 2642 2715 Suckow,
2692 2648 2779 2700 die

328 2737 639 2791 wissensch.
679 2754 732 2791 11.
769 2736 1028 2791 kiinstler.
1067 2737 1225 2791 Form
1262 2736 1356 2790 der
1393 2737 1587 2805 platon.
1627 2736 1897 2790 Schriften
1932 2736 1991 2788 in
2026 2736 2171 2789 ihrer
2206 2735 2387 2789 bisher
2422 2736 2780 2804 verborgenen

333 2824 884 2893 Eigenthiimlichkeit
932 2825 1266 2894 dargestellt,
1329 2826 1481 2879 1855.
1567 2824 1602 2879 S
1618 2824 1717 2878 tei
1733 2824 1963 2892 nhart,
2012 2824 2230 2878 Platons
2266 2824 2464 2877 Werke
2515 2824 2687 2877 iiberS.
2726 2841 2778 2877 v.

334 2912 561 2965 Mueller
600 2912 752 2979 1857,
790 2912 884 2966 VI.
922 2912 1020 2966 Bd.
1094 2913 1524 2981 Tuellmann,
1575 2913 1641 2965 de
1680 2912 1919 2966 Platonis
1958 2912 2050 2981 qui
2087 2911 2251 2981 vulgo
2295 2912 2463 2965 fertur
2496 2912 2780 2965 Menexeni

335 2999 560 3053 consilio
612 3002 666 3052 et
701 3000 923 3069 origine,
974 3000 1117 3054 Diss
1157 3000 1335 3069 inaug.
1377 3001 1647 3069 Gryphiae
1701 2999 1853 3055 1859.
1926 3000 2321 3070 Ueberweg,
2371 3000 2611 3054 Unterss
2652 3000 2784 3054 iiber

333 3088 420 3141 die
456 3087 711 3140 Echtheit
745 3105 798 3142 u.
840 3088 1095 3157 Zeitfolge
1132 3087 1492 3155 platonischer
1530 3088 1814 3156 Schriften,
1857 3088 2007 3143 1860.
2084 3088 2329 3143 Gutsch
2342 3105 2435 3157 er,
2478 3089 2559 3143 Ist
2593 3088 2781 3143 Platon

333 3177 383 3230 d.
423 3176 703 3229 Vei-fasser
739 3176 833 3229 des
869 3176 1088 3245 Dialogs
1125 3176 1334 3231 Menex.
1373 3176 1553 3246 Progr.
1593 3176 1644 3230 k.
1672 3177 1721 3231 k.
1762 3177 1954 3245 Gymn.
1992 3177 2246 3247 Marburg
2284 3176 2436 3232 1864.
2500 3176 2782 3231 Schaar-

335 3264 653 3331 schmidt,
706 3264 1018 3333 Sammlung
1067 3265 1160 3318 der
1209 3264 1402 3333 platon.
1461 3264 1745 3333 Schriften,
1797 3264 1948 3319 1866.
2001 3296 2069 3303 -
2120 3266 2162 3334 ⁴²)
2211 3265 2365 3319 Rhet.
2404 3265 2433 3319 I
2468 3282 2513 3319 6.
2554 3265 2587 3319 9
2623 3282 2673 3333 p.
2714 3266 2784 3319 36

337 3352 591 3421 Spengel:
629 3345 814 3422 ὥσπερ
851 3347 956 3424 γὰρ
993 3346 1022 3404 ὁ
1060 3351 1350 3423 Σωκράτης
1386 3352 1590 3425 ἑΖεγεν,
1642 3347 1703 3406 οὗ
1733 3347 1977 3423 χαλεπὸν
2004 3346 2330 3419 Ἀθηναίους
2378 3357 2439 3404 ἐν
2466 3346 2783 3418 Ἀθηναίοις

336 3445 593 3492 ἐπαινεῖν.
631 3440 729 3495 ΠΙ.
769 3458 814 3495 0.
857 3442 924 3493 14
959 3458 1009 3509 p.
1052 3443 1179 3495 151:
1217 3434 1248 3493 3
1281 3436 1386 3513 γὰρ
1423 3440 1562 3513 λέγει
1590 3438 1883 3512 Σωκράτης
1919 3445 1979 3493 ἐν
2012 3440 2092 3507 τῷ
2128 3446 2399 3511 ἐπιταφίῳ
2436 3434 2652 3507 ἀληθές,
2694 3435 2781 3494 ὅτι

335 3521 396 3580 οὗ
435 3523 678 3598 χαλεπὸν
719 3522 1046 3594 Ἀθηναίους
1105 3533 1164 3581 ἐν
1207 3522 1522 3595 Ἀθηναίοις
1575 3534 1841 3591 ἐπαινεῖν,
1899 3522 2013 3581 ἄλλ’
2064 3535 2123 3581 ἓν
2170 3527 2637 3598 Λακεδαιμονίοις.
2714 3531 2779 3585 cf.

333 3614 544 3671 MeneX.
586 3617 688 3671 235
713 3617 777 3672 Ι).
818 3617 922 3671 236
947 3619 1011 3671 A.
1040 3648 1108 3657 —
1145 3618 1188 3686 5)
1229 3617 1726 3685 Schaarschmidtii,
1766 3618 1860 3686 qui
1898 3618 2198 3685 postremus
2234 3618 2575 3671 Aristotelem
2610 3621 2782 3687 temp—

335 3703 498 3770 tavit,
561 3706 879 3759 sententiam
928 3706 1186 3760 refutavit
1256 3705 1428 3773 Blass,
1465 3706 1514 3760 d.
1554 3708 1646 3760 att.
1697 3705 1912 3759 Bereds.
1950 3705 2007 3759 Π
2025 3746 2039 3768 ,
2095 3706 2197 3759 431
2238 3706 2358 3760 adn.
2411 3708 2477 3760 cf.
2521 3706 2623 3759 142
2660 3706 2780 3761 adn.
2886 3764 2894 3773 ,

335 3790 381 3844 Ε
420 3791 610 3844 ceteris
648 3792 869 3861 criticis,
909 3793 1003 3862 qui
1040 3793 1346 3847 Aristotelis
1383 3794 1693 3848 testimonia
1726 3794 1785 3847 in
1810 3793 2195 3848 dubitationem
2220 3796 2563 3863 vocaverunt,
2601 3810 2783 3847 exem-

337 3877 415 3947 pli
469 3879 640 3948 gratia
687 3896 1161 3935 commemoramus
1208 3883 1332 3936 hos:
1391 3882 1635 3937 Olearius
1652 3924 1667 3951 ,
1716 3883 1897 3937 sched.
1946 3882 2011 3935 de
2057 3883 2272 3951 scriptis
2318 3883 2551 3937 Socratis
2602 3886 2785 3937 contra

333 3968 492 4022 Leon.
532 3967 794 4021 Allatium
831 3969 888 4021 in
925 3970 1055 4038 Epp.
1096 3970 1293 4025 Socrat.
1332 3973 1386 4024 et
1422 3970 1813 4025 Socraticorum
1848 3988 1898 4039 p.
1937 3972 2061 4039 401,
2085 3955 2299 4039 ‘Orelh',
2337 3972 2520 4025 censet
2555 3986 2650 4038 pro
2687 3988 2782 4026 vo-

336 4055 460 4109 cula
496 4052 787 4126 Σωκράτης
821 4056 1108 4126 legendum
1146 4075 1263 4113 6336
1290 4052 1598 4131 Ἰσοκράτης.
1639 4060 1705 4113 cf.
1743 4059 1927 4113 Stallb.
1965 4056 2475 4114 Praef.'TueHmann
2496 4060 2785 4112 contendit

337 4143 714 4209 „Aristotelem
751 4144 948 4199 falsum
985 4148 1153 4200 esse“.
1231 4148 1496 4201 Gutscher
1530 4165 1580 4216 p.
1619 4148 1691 4201 48
1727 4150 1933 4215 censet,
1972 4147 2313 4201 Aristotelem
2328 4187 2341 4214 ,
2383 4147 2632 4215 quamvis
2668 4146 2782 4199 Me-

332 4245 604 4284 nexenum
641 4233 826 4286 eodem
864 4234 1020 4288 modo
1059 4250 1164 4302 quo
1203 4235 1440 4305 dialogos
1465 4235 1767 4290 Platonicos
1802 4235 2061 4303 laudaret,
2099 4238 2275 4289 tamen
2312 4251 2418 4288 non
2454 4234 2783 4303 ignoravisse

2426 4326 2458 4386 1
