3250 4700
1545 175 1625 238 21

363 392 614 456 constat
635 391 720 472 1);
782 391 972 452 11111110
1030 387 1560 451 narratiunculam
1618 405 1651 450 6
1696 385 2027 451 Menexeno
2080 388 2423 452 derivatam
2475 407 2607 454 6336
2653 391 2811 454 veri-

367 497 570 561 simile
617 499 731 571 est,
775 495 894 558 nisi
936 494 1075 576 quis
1120 493 1282 568 velit,
1327 493 1499 555 illam
1540 492 1778 558 famam
1822 511 1859 556 a
1902 493 2149 556 comicis
2193 496 2392 557 ortam
2438 513 2590 558 esse.

553 600 726 681 Quid
758 620 898 666 vero
945 601 1064 664 sibi
1102 600 1295 663 velint
1339 598 1460 662 duo
1503 599 1729 662 musici
1757 599 2052 680 Aspasiae
2098 601 2159 663 et
2188 601 2551 682 Antiphonti
2598 602 2811 678 additi,

367 727 494 773 non
543 709 695 772 satis
741 707 1012 787 intellegi
1058 708 1275 788 potest,
1323 723 1471 768 cum
1515 703 1850 768 admodum
1892 723 2091 785 pauca
2136 705 2210 768 de
2256 706 2341 770 eis
2388 707 2617 770 tradita
2666 709 2809 784 sint,

364 813 796 896 imprimisque
841 813 1214 893 ignoremuS,
1247 829 1405 892 quae
1435 811 1591 874 ratio
1622 811 1783 874 inter
1810 813 2145 892 utrumque
2176 811 2533 877 intercedat.
2605 812 2809 892 Quam

366 921 426 984 ,31
481 919 990 1003 perspiceremus,
1069 920 1233 981 certo
1297 916 1592 998 oppositio
1648 917 1944 998 Aspasiae
2012 919 2075 981 et
2131 917 2523 999 Antiphontis
2594 919 2813 984 clarior

366 1027 562 1090 fieret.
633 1023 916 1088 Gonnum
961 1026 1171 1088 autem
1215 1022 1605 1085 citharistam
1636 1021 2007 1086 mediocrem
2051 1021 2260 1097 fuisse,
2304 1024 2369 1087 id
2414 1025 2576 1106 quod
2609 1025 2811 1091 Stein-

373 1133 514 1195 hart
534 1132 580 1215 2)
643 1130 988 1204 contendit,
1049 1148 1122 1192 ex
1167 1147 1236 1192 eo
1284 1128 1484 1208 colligi
1526 1146 1650 1191 non
1695 1130 1925 1210 potest,
1979 1128 2141 1209 quod
2183 1129 2283 1194 ille
2326 1130 2558 1212 primas
2602 1136 2807 1213 partes

364 1238 616 1302 fabulae
660 1237 1007 1318 Ameipsiae
1052 1235 1278 1316 egerit3
1325 1253 1477 1297 nam
1522 1235 1587 1297 in
1632 1233 1945 1298 comoedia
1988 1236 2220 1299 summi
2256 1235 2371 1298 viri
2415 1236 2599 1301 derisi
2645 1241 2809 1301 sunt.

373 1343 574 1407 Immo
631 1362 752 1407 non
805 1342 894 1405 ita
952 1341 1322 1405 mediocrem
1381 1359 1524 1403 eum
1575 1339 1766 1404 fuisse
1784 1387 1799 1415 ,
1870 1359 1943 1405 ex
2002 1359 2072 1404 eo
2130 1342 2296 1406 cerni
2356 1345 2584 1423 potest,
2647 1343 2810 1424 quod

367 1448 658 1514 Socrates
705 1467 851 1512 eum
896 1447 1087 1511 etiam
1130 1447 1196 1510 in
1225 1445 1615 1525 Euthydemo
1650 1444 1831 1529 (272)
1877 1446 2251 1526 magistrum
2296 1466 2482 1511 suum
2526 1432 2807 1530 appellat.

367 1553 620 1637 Optime
680 1556 891 1617 autem
948 1572 1093 1616 cum
1138 1552 1400 1633 Aspasia
1448 1550 1743 1632 Gorgiam
1798 1554 2297 1633 repraesentante
2348 1553 2589 1618 videtur
2645 1573 2811 1618 com-

369 1660 608 1742 positus
653 1678 815 1735 esse,
861 1659 1023 1740 quod
1071 1657 1390 1740 Olympiae
1434 1660 1759 1720 coronatus
1805 1675 1937 1722 6336
1982 1658 2247 1722 traditur
2264 1660 2313 1742 3)
2360 1659 2614 1742 ideoque
2658 1662 2812 1725 emi-

371 1767 513 1830 nuit
559 1761 626 1827 ἑν
667 1761 747 1851 τῇ
808 1759 1236 1849 κιθαριστικῇ
1278 1759 1356 1848 τῇ
1404 1759 1471 1824 έν
1511 1763 1653 1838 τοῖς
1696 1748 1923 1846 ἀγῶσι,
1970 1782 2127 1844 quae
2173 1765 2239 1828 in
2272 1763 2499 1845 Gorgia
2547 1765 2695 1848 (501
2731 1766 2807 1850 E)

370 1873 439 1936 in
482 1890 737 1936 numero
781 1863 1126 1946 κολακείας
1168 1870 1447 1934 habetur.

548 1977 738 2041 Plura
783 1976 857 2040 (16
905 1976 1168 2058 Lampro
1227 1975 1560 2039 memoriae
1620 1974 1848 2038 tradita
1908 1978 2088 2049 sunt;
2151 1975 2519 2041 Plutarchus
2537 1979 2587 2060 4)
2642 1978 2811 2042 enim

367 2085 830 2158 commemorat,
880 2101 1026 2146 eum
1067 2082 1346 2162 lyristen
1373 2079 1581 2157 fuisse,
1627 2081 1983 2145 Athenaeus
2002 2082 2053 2164 ⁵)
2096 2085 2310 2146 autem
2355 2101 2499 2147 611111
2544 2085 2811 2148 saltandi

368 2190 747 2271 magistrum
778 2187 1092 2270 Sophoclis
1141 2186 1526 2268 eundemque
1575 2205 1773 2268 aquae
1818 2186 2104 2250 bibulum
2149 2175 2559 2275 (ὑδροπότην)
2608 2191 2813 2273 appel-

373 2296 480 2360 lat.
587 2293 757 2375 Quae
819 2313 916 2359 res
975 2311 1128 2357 num
1185 2292 1332 2375 quid
1384 2293 1630 2357 valeant
1689 2291 1769 2357 ad
1824 2293 2162 2377 Lamprum
2226 2313 2373 2359 cum
2433 2296 2809 2380 Antiphonte

371 2402 878 2484 componendum,
924 2419 1146 2482 parum
1190 2401 1571 2481 compertum
1616 2418 1727 2463 nos
1772 2400 1999 2465 habere
2045 2401 2424 2465 confitemur.

550 2506 690 2571 Iam
735 2505 1153 2588 quaerendum
1198 2508 1322 2581 est,
1369 2505 1516 2587 quid
1573 2504 1662 2569 rei
1706 2506 1954 2569 omnino
1998 2507 2255 2570 musicis
2313 2526 2458 2571 cum
2513 2508 2813 2573 rhetorica

374 2614 474 2677 sit.
536 2615 626 2677 Ac
673 2613 727 2676 si
758 2613 898 2693 quis
946 2612 1309 2675 contendere
1339 2611 1505 2687 velit,
1551 2611 1803 2675 adiectis
1850 2611 2100 2675 musicis
2143 2612 2433 2677 intimam
2478 2614 2813 2680 rhetoricae

370 2722 438 2784 61
497 2718 860 2801 sophisticae
927 2718 1420 2782 coniunctionem
1487 2717 1823 2798 significari
1838 2765 1853 2793 ,
1914 2718 2076 2799 quod
2120 2721 2367 2782 auctore
2411 2718 2741 2801 Protagora
2766 2722 2814 2804 6)

375 2824 682 2907 sophistae
729 2824 1103 2905 antiquiores
1148 2823 1390 2887 musica
1434 2824 1781 2887 velamento
1825 2823 1925 2887 usi
1968 2824 2106 2899 sint,
2154 2827 2360 2888 metus
2406 2828 2517 2900 est,
2564 2844 2641 2889 ne
2686 2827 2819 2890 lon-

371 2931 514 3011 gius
558 2930 890 3013 repetitum
935 2929 1232 2993 videatur.
1324 2928 1576 2992 Rectius
1622 2928 1813 3009 igitur
1854 2928 1931 2993 de
1978 2947 2049 2994 ea
2102 2930 2342 2994 musica
2388 2931 2815 3013 cogitabimus

371 3056 534 3118 quae
579 3036 850 3100 cernitur
893 3036 959 3099 in
1005 3034 1438 3117 compositione
1487 3022 1804 3119 (ἁρμονία,
1854 3024 2185 3119 σύνθεσις)
2242 3039 2305 3100 et
2348 3038 2623 3102 numeris
2668 3038 2819 3103 deli-

371 3143 608 3224 gendis.
721 3142 886 3205 Nam
942 3141 1018 3205 de
1079 3140 1573 3206 demonstrativis
1634 3143 1797 3205 certe
1857 3142 2233 3206 orationibus
2292 3141 2591 3209 Isocrates
2668 3144 2820 3209 dicit

380 3250 482 3323 15,
528 3249 648 3312 46.
740 3230 848 3323 οἷς
916 3267 1203 3323 απαντες
1271 3269 1351 3310 αν
1411 3236 1686 3333 φήσειαν
1763 3235 2174 3331 ὁμοιοτέρους
2241 3237 2407 3311 εἶναι
2461 3252 2601 3325 τοῖς
2655 3241 2820 3330 μετὰ

372 3350 689 3440 μουσικῆς
732 3352 844 3416 καὶ
892 3349 1161 3438 ῥυθμῶν
1205 3348 1682 3438 πεποιημένοις
1738 3338 1777 3439 ἢ
1816 3354 1957 3429 τοῖς
2002 3350 2068 3416 έν
2112 3348 2508 3441 δικαστηρίῳ
2550 3352 2816 3439 λεγομέ-

374 3482 528 3536 φοις.
621 3459 701 3523 Et
744 3463 817 3523 ut
862 3459 1214 3523 accuratius
1259 3478 1394 3523 rem
1439 3458 1885 3541 exprimamus,
1947 3459 2171 3524 musici
2216 3464 2490 3542 spectare
2535 3461 2819 3526 videntur

371 3566 457 3629 ad
501 3566 806 3647 poeticam
851 3565 1189 3647 primarum
1234 3566 1580 3629 orationum
1622 3564 1911 3629 indolem.
1962 3564 2051 3629 Cf.
2099 3565 2348 3629 Aristot.
2380 3567 2563 3631 Rhet.
2611 3567 2723 3642 HI,
2761 3569 2817 3632 1.

376 3690 433 3753 p.
486 3672 643 3734 122:
689 3660 998 3756 ποιητικὴ
1044 3658 1272 3755 πρώτη
1318 3665 1566 3754 ἐγένετο
1609 3666 1801 3748 λέξις,
1850 3658 1989 3735 οἷον
2032 3659 2073 3757 ἡ
2126 3666 2413 3756 Γοργίου.
2503 3672 2816 3755 Imprimis

371 3776 544 3841 enim
590 3774 848 3856 Gorgias
901 3776 1243 3841 orationem
1298 3795 1419 3841 usu
1463 3778 1789 3848 verborum
1840 3777 2073 3859 poetico
2118 3778 2360 3842 ornavit
2414 3782 2476 3843 et
2519 3780 2647 3843 loco
2691 3798 2823 3843 me-

375 3884 615 3945 trorum
659 3899 1175 3963 numerorumque
1221 3900 1360 3946 eam
1405 3901 1564 3964 quae
1618 3884 1691 3947 in
1737 3883 2070 3947 schematis
2128 3884 2399 3949 cernitur
2442 3883 2823 3947 concinnita-

375 3991 507 4051 tem
550 3990 938 4052 consectatus
984 3991 1081 4053 est
1100 3990 1172 4072 ⁷).

560 4127 600 4195 1)
636 4128 800 4183 Τ11116.
839 4128 889 4194 3,
930 4126 1012 4181 19.
1050 4158 1119 4165 -
1157 4128 1199 4196 2)
1250 4144 1300 4196 p.
1341 4128 1460 4183 363.
1513 4159 1580 4168 —
1633 4129 1674 4197 ⁸)
1722 4127 1799 4183 Cf.
1838 4128 1988 4183 Kock
2024 4128 2091 4183 ad
2127 4130 2217 4183 Ar.
2256 4128 2352 4197 Eq.
2392 4129 2512 4183 534.
2561 4158 2629 4167 —-
2674 4128 2717 4197 ⁴)
2755 4129 2824 4181 de

374 4230 517 4269 mus,
557 4215 640 4269 31.
683 4246 750 4255 —-
786 4216 829 4284 ⁶)
865 4214 937 4283 H,
975 4214 1059 4269 44.
1101 4246 1169 4254 —-
1206 4217 1248 4283 ⁶)
1285 4215 1420 4270 Plat.
1460 4216 1670 4286 Protag.
1710 4217 1813 4271 316
1850 4217 1915 4272 D.
1955 4216 2014 4271 E.
2055 4248 2124 4255 —
2165 4218 2204 4286 ⁷)
2241 4215 2397 4271 Blass
2433 4216 2476 4284 I,
2516 4216 2601 4271 58.
2641 4216 2725 4270 60.
