3250 4700
1525 183 1608 245 45

348 412 480 457 esse
527 396 797 476 apparet.
887 394 1096 457 Pauca
1140 394 1328 475 igitur
1372 395 1649 476 exempla
1695 393 2016 511 sufficient.
2106 391 2290 474 Gorg.
2335 393 2495 475 Epit.
2567 394 2628 476 a)
2675 391 2791 456 καὶ

346 496 554 583 λέγειν
598 497 709 562 καὶ
758 495 947 584 σιγᾶν
991 497 1104 562 καὶ
1151 502 1386 563 ποιεῖν.
1479 501 1543 583 b)
1594 521 1711 562 ουκ
1753 520 2016 583 απειροι
2064 483 2205 562 οίτε
2251 490 2539 585 ἐμφύτου
2567 484 2849 584 ’Λρεος-

352 589 492 668 οὗτε
535 600 823 686 νομίμων
865 592 1152 690 Ερώτων
1209 592 1350 669 ου’τε
1397 600 1703 669 ἐνοπλίου
1746 591 2007 690 ’Ἐριδος
2066 591 2206 668 οὐτε
2264 595 2622 692 φιλοκάλου
2669 598 2789 666 Εἱ-

347 702 547 796 ρήνης.
638 712 796 776 Plat.
846 710 1027 793 Gorg.
1074 713 1203 775 456
1227 712 1285 774 D
1349 698 1422 775 οὗ
1467 710 1566 775 δεῖ
1623 732 1892 774 τυπτειν
1937 697 2086 774 ουδὲ
2142 712 2382 774 κεντεῖν
2440 707 2553 772 καὶ
2612 696 2790 773 ἄπο-

348 808 683 896 κτιννῦναι,
776 819 901 881 459
931 816 977 882 C
1021 820 1238 898 μισεῖν
1281 811 1537 881 δίκαιον
1580 814 1692 880 καὶ
1741 807 2075 899 ἐκβάλλειν
2118 815 2230 879 καὶ
2277 803 2754 880 ἆποκτιννῦναι.

522 923 809 988 Menex.
859 925 988 987 236
1033 923 1084 986 Ε
1148 911 1183 986 ὅ
1239 945 1308 986 τε
1342 913 1552 1004 ,νόμος
1597 913 1991 1008 προστάττει
2039 959 2119 968 ——
2166 920 2279 984 καὶ
2337 913 2471 1007 χρή.
2576 923 2703 986 237
2739 920 2791 985 G

347 1023 459 1112 τῆς
502 1018 807 1114 τεκούσης
859 1026 970 1092 καὶ
1016 1019 1363 1115 θρεψάσης
1407 1027 1519 1091 καὶ
1563 1017 2045 1115 ὑποδεξαμένης
2092 1029 2390 1110 (mortuos
2424 1028 2610 1092 veluti
2652 1047 2793 1109 gre-

295 1127 470 1197 ‘mio
541 1153 651 1198 suo
725 1135 1127 1217 suscipientis
1194 1134 1589 1218 Schleierm.).
1698 1137 1825 1199 239
1862 1136 1919 1198 D
1987 1132 2100 1198 καὶ
2159 1128 2413 1198 δίκαιον
2479 1133 2591 1196 καὶ
2649 1123 2787 1218 χρή.

348 1241 468 1302 241
501 1240 554 1303 Β
613 1237 724 1302 καὶ
771 1231 1020 1326 πλήθει
1065 1236 1178 1303 καὶ
1224 1230 1488 1325 πλούτῳ
1531 1239 1646 1303 καὶ
1690 1237 1873 1326 τέχνῃ
1915 1239 2028 1303 καὶ
2075 1231 2273 1326 ῥώμῃ.
2363 1242 2491 1304 245
2527 1239 2573 1304 O
2618 1227 2789 1326 ἤθε’-

345 1343 545 1430 λησαν
591 1336 918 1409 ἐκδιδόναι
977 1343 1092 1408 καὶ
1153 1343 1490 1424 ξυνέθεντο
1549 1344 1661 1409 καὶ
1712 1331 1991 1428 ὤμοσαν.
2084 1347 2212 1410 248
2243 1346 2297 1409 Β
2356 1333 2655 1427 ἆξιοῦμεν
2700 1383 2786 1392 —-

347 1447 458 1514 καὶ
503 1441 888 1533 βουλόμεθα
933 1449 1045 1514 καὶ
1095 1449 1328 1538 φαμέν.

523 1556 801 1638 Denique
844 1557 1185 1634 hiatum,
1232 1578 1270 1621 a
1319 1557 1545 1640 Gorgia
1589 1559 1843 1622 minime
1890 1558 2190 1622 evitatum
2210 1558 2257 1640 1)
2277 1605 2292 1632 ,
2340 1575 2377 1620 a
2420 1557 2674 1621 Platone
2720 1557 2786 1620 in

347 1662 679 1726 Menexeno
725 1663 1080 1745 saepissime
1125 1664 1470 1728 admissum
1515 1683 1649 1728 esse
1670 1712 1686 1740 ,
1745 1665 1872 1727 iam
1928 1663 2071 1727 inde
2118 1681 2155 1725 a
2201 1661 2502 1726 Ciceronis
2526 1663 2573 1745 2)
2630 1667 2789 1726 tem-

347 1768 592 1849 poribus
640 1770 856 1831 notum
902 1772 1017 1833 est.

1197 1911 1272 1990 B.
1360 1910 1457 1991 De
1513 1916 1937 2010 argumento.

524 2050 846 2130 Quodcum
903 2052 968 2114 in
1031 2053 1399 2134 perlustrato
1444 2051 1684 2116 dicendi
1740 2070 1960 2132 genere
2020 2052 2171 2114 satis
2231 2052 2433 2115 multa
2482 2050 2787 2114 invenisse
2833 2048 2896 2133 ξ.
2946 2049 3067 2116 31.

345 2157 519 2220 nobis
563 2157 900 2232 videamur,
948 2175 1105 2237 quae
1148 2158 1227 2221 ad
1271 2157 1529 2222 artificia
1562 2156 1824 2238 Gorgiea
1872 2159 2170 2239 spectant,
2216 2157 2344 2220 iam
2392 2151 2784 2238 quaeramus,

346 2281 498 2324 num
545 2262 734 2326 etiam
792 2263 858 2324 in
916 2266 1277 2343 argumento
1339 2263 1626 2327 orationis
1670 2263 1929 2344 vestigia
1992 2263 2267 2327 eiusdem
2330 2263 2479 2326 artis
2536 2262 2787 2344 reperiri

343 2369 596 2450 possint.

519 2477 610 2539 Ac
653 2476 925 2558 primum
972 2476 1088 2539 sub
1118 2478 1324 2539 oculos
1371 2476 1537 2539 cadit
1568 2479 1862 2540 accurata
1906 2476 2263 2557 partium
2308 2475 2439 2539 des
2460 2476 2785 2557 cripti0‚

348 2599 534 2661 quam
593 2580 874 2646 Socrates
937 2582 1002 2645 in
1069 2581 1306 2646 exordio
1374 2581 1616 2645 exhibet
1672 2581 2111 2663 diligenterque
2173 2582 2474 2645 observat.
2564 2580 2785 2644 Verbis

351 2686 512 2749 enim
553 2706 710 2769 quae
754 2688 1046 2768 leguntur
1091 2689 1218 2751 236
1242 2687 1292 2749 E
1342 2685 1442 2750 δεῖ
1486 2676 1564 2773 δὴ
1607 2675 1902 2749 τοιούτου
1942 2677 2117 2763 τινὸς
2158 2677 2367 2771 λόγου,
2417 2674 2595 2761 ὅστις
2638 2675 2790 2760 τοὺς

346 2787 466 2871 μὲν
520 2782 1042 2877 τετελευτηκότας
1105 2786 1340 2868 ἱκανῶς
1397 2788 1843 2869 ἐπαινέσεται,
1919 2794 2059 2868 τοῖς
2119 2789 2193 2855 δὲ
2268 2788 2461 2869 ζῶσιν
2502 2778 2791 2875 [εὐμενῶς

347 2894 831 2981 παραινέσεται,
879 2898 1466 2962 circumscribuntur
1509 2902 1716 2980 partes
1749 2898 2037 2962 orationis
2076 2898 2419 2980 primariae,
2468 2917 2549 2961 sc.
2585 2892 2782 2960 ἔπαι-

347 3022 453 3076 νος
497 3005 559 3065 et
602 2997 1018 3086 παραίνεσις;
1076 3004 1162 3067 eis
1220 3008 1430 3068 autem
1479 3023 1639 3085 quae
1697 3007 2042 3086 sequuntur
2098 3003 2431 3085 participiis
2493 3024 2786 3087 παρακε-

344 3096 680 3187 λευόμενος
723 3112 786 3171 et
829 3099 1418 3191 παραμυθουμενος
1463 3110 1852 3173 continentur
1895 3109 2175 3173 membra
2222 3110 2525 3173 secundae
2569 3109 2785 3191 partiS‚

347 3232 428 3277 sc.
498 3209 972 3298 παρακέλευσις
1037 3217 1099 3277 et
1165 3208 1581 3299 παραμυθία.
1702 3215 1985 3296 Denique
2060 3215 2125 3277 in
2201 3219 2468 3280 extremo
2544 3214 2785 3279 exordio

345 3320 624 3383 membra
683 3319 898 3402 prioris
961 3320 1183 3403 partiS‚
1260 3339 1342 3384 sc.
1401 3308 1711 3404 εὐγένεια,
1772 3311 1979 3407 τροφὴ
2039 3318 2151 3383 καὶ
2209 3315 2511 3397 παιδεία,
2574 3311 2609 3382 r‘
2656 3316 2789 3382 τῶν

265 3488 274 3499 ,
349 3419 546 3509 ἔργων
601 3421 841 3507 πρᾶξις
896 3426 985 3490 ita
1040 3424 1443 3508 proferuntur,
1490 3430 1562 3490 ut
1607 3427 1835 3490 ordinis
1882 3446 2095 3491 eorum
2139 3427 2294 3490 ratio
2338 3425 2648 3489 reddatur.

524 3529 727 3610 Quam
774 3532 1047 3614 partium
1093 3532 1564 3615 descriptionem
1619 3532 1895 3596 nonnihil
1954 3532 2193 3596 scholae
2246 3532 2534 3595 umbram
2580 3534 2641 3595 et
2687 3551 2788 3595 ar-

345 3636 602 3700 tificium
663 3656 872 3721 sapere
935 3658 1073 3703 vere
1133 3638 1422 3702 iudicavit
1487 3638 1674 3701 Loers
1693 3640 1742 3722 ³)
1765 3686 1779 3712 ‚
1839 3657 1953 3701 nec
2010 3637 2278 3701 dubitari
2339 3640 2569 3719 potest,
2630 3639 2784 3719 quin

343 3743 484 3806 talis
541 3744 992 3826 perspicuitatis
1039 3744 1407 3808 consectatio
1465 3744 1543 3809 ad
1603 3744 2017 3808 imitationem
2074 3742 2431 3826 disciplinae
2486 3742 2787 3825 Gorgieae

342 3849 659 3930 pertineat.
734 3849 969 3913 Eadem
1023 3850 1191 3913 enim
1237 3850 1639 3932 perspicuitas
1684 3850 1992 3913 invenitur
2036 3852 2096 3915 et
2139 3850 2202 3913 in
2234 3850 2783 3915 declamationibus

346 3954 605 4035 Gorgiae
661 3954 907 4019 nomine
965 3956 1198 4019 ornatis
1217 4004 1232 4031 ‚
1303 3974 1458 4037 quas
1519 3959 1685 4020 certe
1746 3956 2137 4021 imitamenta
2197 3975 2331 4020 esse
2400 3956 2783 4025 demonstrat

342 4060 522 4124 Blass
542 4061 614 4143 ⁴1),
672 4064 736 4124 et
791 4060 856 4123 in
900 4060 1288 4124 oratiuncula
1332 4062 1694 4143 Agathonis.
1794 4060 1997 4141 Quam
2052 4061 2299 4143 quidem
2346 4062 2423 4126 ad
2467 4062 2787 4126 illustran-

518 4218 557 4285 1)
595 4216 750 4271 Blass
785 4217 832 4285 Ι,
871 4217 954 4271 63.
994 4246 1061 4257 -
1101 4216 1144 4286 2)
1183 4216 1323 4273 Orat.
1365 4220 1409 4285 ἓ.
1452 4220 1568 4272 151.
1609 4248 1678 4258 ——
1718 4219 1761 4288 ³)
1796 4218 1975 4288 Progr.
2015 4236 2065 4287 p.
2102 4220 2152 4273 8.
2180 4249 2247 4259 --
2286 4219 2329 4288 ⁴)
2366 4219 2409 4287 Ι,
2448 4218 2516 4273 68
2542 4234 2654 4287 sqq.
