3250 4700
149 2841 231 2927 «ξ.
279 2840 394 2909 15.

1619 185 1702 247 28

619 391 854 456 Menex.
902 394 1030 457 237
1076 394 1130 457 A
1188 380 1575 479 ἇρξαίμεθα
1632 379 1881 482 ἔνδρας
1939 381 2265 480 ἀγαθούς.
2358 394 2405 460 O
2462 386 2880 482 τελευτήσαν-

431 520 560 574 τας
607 534 688 543 -
733 488 1000 576 τόποις
1053 489 1186 586 τῆς
1247 490 1594 587 τεκούσης.
1688 502 1745 564 D
1791 488 2041 588 ἆγρίων
2084 486 2346 585 ἷίγονος.
2437 502 2487 564 Ε
2533 493 2885 588 τεκμήριον

442 593 647 688 τούτῳ
691 600 786 690 τῷ
828 594 1018 690 λόγῳ,
1067 593 1169 668 ὅτι
1212 594 1326 691 ἥδε
1373 601 1610 670 ἔτεκεν
1654 595 1691 694 ἡ
1739 603 1815 693 γῆ
1858 597 2007 684 τοὺς
2049 603 2254 670 τῶνδέ
2298 629 2387 670 τε.
2460 608 2526 691 b)
2596 599 2670 671 τὸ
2698 599 2883 672 τεκὸν

442 699 688 796 τροφὴν
734 746 816 756 ·—-
861 707 1036 796 τέκιη.
1131 713 1258 775 238
1305 714 1360 775 A
1405 709 1520 798 γῆς
1560 699 1600 798 ἢ
1646 702 1959 797 γυναικός.
2054 713 2124 796 b)
2176 703 2294 799 γὰρ
2352 709 2427 801 γῆ
2486 717 2752 798 γυναῖκα
2800 751 2881 760 —-

435 807 590 902 γυνὴ
636 812 765 903 γῆν.
835 816 891 879 D
937 813 1051 904 τῆς
1093 808 1380 893 πόλεως
1422 809 1504 881 τὰ
1549 811 1789 881 πολλὰ
1832 809 1910 882 τὸ
1955 815 2260 905 πλῆθος.
2329 819 2380 882 Ε
2424 817 2583 900 μιᾶς
2624 810 2879 906 μητρός.

444 924 570 986 239
617 925 674 986 Α
716 916 1011 1007 ἶσογονία
1059 959 1140 968 --
1186 916 1540 1005 ἰσονομίαν.
1638 922 1684 988 G
1747 915 2147 1010 πρεπόντως
2184 921 2312 988 τῶν
2356 915 2753 1010 πραξάντων
2798 963 2879 971 ——

438 1025 701 1113 πρῶτα·
760 1025 1056 1114 Πέρσας.
1157 1030 1285 1093 240
1317 1032 1372 1093 Α
1413 1020 1664 1114 μεγάλα
1706 1029 1817 1094 καὶ
1862 1021 2133 1111 μάχιμα.
2195 1030 2261 1113 b)
2293 1021 2878 1118 προφασιζόμενος,

439 1130 726 1219 πέμψας
770 1171 851 1180 --
899 1125 1299 1220 πεντήκοντα
1345 1173 1426 1181 -
1472 1131 1755 1213 πλοίοις.
1833 1137 1885 1199 Β
1933 1121 2206 1220 ι’)ἷρχοντα
2252 1173 2334 1181 --
2380 1122 2634 1222 α’γοντα.
2726 1137 2783 1199 D
2817 1137 2878 1220 a)

444 1230 775 1323 γενόμενος
818 1233 1014 1326 γνοίη.
1095 1241 1158 1323 b)
1207 1237 1354 1304 πᾶν
1397 1238 1679 1327 πλῆθος
1721 1239 1833 1304 καὶ
1880 1238 2029 1318 πᾶς
2073 1237 2384 1318 πλοῦτος.
2475 1244 2598 1306 241
2652 1243 2704 1305 Β
2769 1240 2881 1305 καὶ

443 1369 500 1406 π
514 1335 708 1432 λήθει
753 1343 867 1409 καὶ
913 1335 1210 1431 πλούτῳ.
1303 1345 1350 1410 O
1402 1345 1514 1410 καὶ
1561 1335 1847 1432 ἀριθμῷ
1890 1345 2003 1409 καὶ
2045 1333 2269 1434 ἇρετιῆ.
2361 1348 2418 1410 D
2474 1345 2718 1411 πολλαὶ
2762 1345 2883 1428 μὲν

443 1440 690 1528 πόλεις.
781 1453 831 1515 Ε
879 1451 942 1535 a)
993 1446 1354 1538 ἐποίησαν
1395 1447 1780 1516 δείσαντα.
1876 1453 1938 1535 b)
1989 1450 2261 1529 <πᾶς>
2310 1476 2368 1514 π
2384 1442 2509 1538 άσιη
2552 1449 2630 1539 τῇ
2674 1443 2882 1517 πόλει,

444 1593 527 1602 -
559 1547 878 1639 πόλεμος.
957 1559 1083 1621 242
1116 1560 1171 1621 A
1214 1548 1587 1643 πράττουσι
1619 1552 2100 1642 προσπίπτειν,
2151 1555 2438 1644 πρῶτον.
2500 1559 2551 1622 Β
2586 1555 2839 1643 πρῶτοι
2870 1556 2875 1645 Ι

439 1652 604 1743 μετὰ
662 1652 773 1725 τὸν
822 1652 1146 1748 Περσικὸν
1203 1653 1492 1744 πόλεμον
1549 1700 1630 1710 -—-
1688 1660 1803 1750 τῆς
1861 1655 2117 1741 πόλεως
2178 1661 2449 1751 πρῶτοι.
2545 1663 2591 1728 O
2637 1660 2884 1728 πολλοῦ

443 1765 754 1850 πολέμου.
847 1769 903 1832 D
975 1766 1272 1854 προτέρω
1347 1765 1620 1853 πολέμῳ
1682 1766 1777 1854 τιιιῖ
1844 1760 2031 1854 πρός.
2122 1769 2173 1832 Ε
2246 1760 2732 1855 περιγενόμενοι,
2788 1767 2883 1855 τῷ

443 1871 715 1960 πολέμιιι)
764 1864 914 1950 τοὺς
967 1871 1404 1959 προεστῶτας.
1517 1876 1646 1939 243
1690 1876 1745 1939 Β
1805 1866 2002 1938 πόλιν
2059 1898 2330 1952 παντας.
2423 1876 2480 1938 Ι)
2536 1900 2595 1993 π
2612 1867 2751 1952 όλις
2799 1913 2880 1922 -·

443 1967 608 2044 ποτ’
668 2017 750 2026 -—-
809 1977 1456 2067 καταπολειιηθῆναι
1517 2017 1598 2026 -
1664 1971 1957 2044 πάντων.
2063 1983 2193 2045 244
2239 1982 2294 2045 Β
2363 1962 2451 2044 ὧν
2514 1967 2572 2044 τ>
2590 1973 2882 2068 ἐποιή-

444 2105 645 2166 σαμεν
689 2110 777 2149 ων
818 2109 858 2148 τ
897 2076 1286 2167 ἕπαθομεν.
1336 2087 1394 2150 D
1441 2077 1655 2150 πάλαι
1702 2073 1850 2150 οὐδὲ
1891 2076 2023 2172 πρὸ
2054 2083 2333 2151 πολλῶν.
2410 2088 2537 2151 245
2571 2088 2624 2150 Β
2671 2110 2882 2151 απα-

444 2182 844 2275 γορεῦοντας,
908 2178 1329 2279 αποστῆναι.
1425 2194 1553 2256 246
1609 2192 1668 2255 D
1728 2190 1885 2277 πρὶν
1944 2229 2023 2238 -—
2084 2191 2374 2278 πατέρας
2440 2191 2552 2256 καὶ
2612 2190 2750 2256 πᾶν
2806 2183 2873 2257 rc*

442 2287 761 2382 πρόσθεν.
854 2299 982 2363 247
1039 2300 1095 2389 A
1153 2295 1425 2384 πρῶτον
1482 2296 1592 2361 καὶ
1650 2285 1925 2362 ὕστατον
1989 2294 2103 2361 καὶ
2163 2288 2274 2362 διὰ
2334 2289 2593 2386 παντὸς
2650 2295 2885 2363 πᾶσαν

445 2427 502 2466 π
514 2394 720 2481 άντως
764 2426 822 2467 π
838 2399 1160 2489 ροθνμίαν
1204 2401 1588 2489 πειρᾶσθε.
1681 2405 1734 2467 Β
1781 2390 2104 2489 ἄνανδρον,
2153 2391 2461 2491 ἇπορι’ᾳ.’
2516 2406 2573 2468 Ι)
2620 2401 2882 2469 παίδων

443 2508 737 2593 πατέρες.
820 2510 880 2573 E·
922 2499 1321 2587 ὑπείκοντες
1365 2508 1440 2574 δὲ
1483 2499 1827 2596 ὑποψίαν.
1920 2512 2047 2575 248
2082 2509 2130 2575 C
2176 2512 2236 2594 a)
2283 2504 2559 2596 μετρίως
2590 2499 2871 2593 μάλιστ’.

442 2617 507 2700 1))
579 2613 966 2703 τρέφοντες
1034 2654 1114 2662 -
1187 2613 1588 2700 τρέποντες.
1706 2618 1833 2680 249
1906 2615 1951 2680 C
2038 2612 2277 2679 πᾶσαν
2342 2640 2400 2679 π
2418 2607 2623 2680 άντων
2688 2609 2883 2703 παρὰ

443 2712 670 2785 πάντα
716 2760 797 2768 -
847 2746 904 2784 π
920 2720 1233 2809 οιουμένη.
2661 2780 2667 2784 ,

625 2828 834 2892 Etiam
879 2828 1155 2893 eiusdem
1189 2829 1360 2893 verbi
1402 2828 1635 2892 formae
1683 2830 1794 2891 aut
1838 2831 2099 2909 cognata
2128 2829 2425 2892 vocabula
2468 2825 2638 2891 iuxta
2667 2828 2883 2909 posita,

444 2934 533 2997 ita
579 2937 654 2997 ut
695 2934 868 3015 paria
895 2934 1060 3010 einh,
1105 2935 1234 2997 vim
1273 2934 1726 3017 pareoheticam
1771 2936 2081 3015 praebent,
2130 2934 2304 2998 ouius
2336 2934 2575 3015 generis
2608 2934 2883 3016 exempla

441 3039 572 3102 iam
615 3039 1120 3121 praecedentibus
1166 3040 1312 3104 loeis
1357 3040 1641 3104 immixta
1688 3058 1821 3104 esse
1866 3040 2152 3104 vidimus,

621 3143 803 3226 Gorg.
849 3145 1009 3227 Epit.
1073 3147 1134 3229 a)
1197 3135 1274 3207 τὸ
1335 3142 1482 3209 δέον
1543 3141 1610 3208 ἐν
1664 3140 1759 3230 τῷ
1805 3141 2037 3208 δέοντι.
2107 3146 2172 3228 1))
2229 3133 2529 3235 ὑβρισταὶ
2587 3140 2682 3221 εἷς
2737 3135 2885 3221 τοὺς

440 3240 765 3337 ὑβριστάς.
834 3251 893 3334 ο)
940 3242 1207 3332 κόσμιοι
1263 3245 1358 3327 εἰς
1399 3241 1551 3327 τοὺς
1593 3245 1923 3332 κοσμίους.
1994 3250 2059 3334 d)
2108 3236 2353 3338 ι’ίφοβοι
2397 3244 2492 3327 εἰς
2535 3241 2685 3328 τοὺς
2715 3238 2884 3337 ἀφό-

440 3361 610 3439 βους.
681 3359 738 3441 e)
801 3355 1000 3421 δεινοὶ
1064 3353 1130 3419 ἐν
1172 3358 1314 3433 τοῖς
1358 3356 1608 3431 δεινοῖς.
1676 3356 1727 3438 f)
1786 3374 2162 3437 ασωματοις
2219 3346 2500 3480 σώμασι.
2570 3358 2635 3439 g)
2696 3352 2769 3474 ζιῆ
2816 3344 2887 3420 οὗ

444 3453 712 3541 ζώντων.
828 3464 988 3527 Plat.
1051 3462 1236 3544 Gorg.
1299 3460 1495 3527 448Ο
1567 3462 1630 3545 a)
1703 3458 2059 3548 ἐμπειριῶν
2127 3456 2473 3547 ἐμπείρως.
2565 3463 2630 3546 1))
2702 3448 2887 3526 αλλοι

441 3553 652 3631 αλλων
710 3555 937 3645 αλλως.
1029 3571 1086 3653 0)
1156 3563 1285 3631 τῶν
1343 3563 1417 3631 δε
1473 3553 1755 3692 αρίστων
1816 3589 1877 3630 οι
1924 3553 2751 3652 a910c01.8ymp.195ss
2822 3570 2882 3651 a)

443 3663 694 3760 φεῦγων
738 3696 924 3761 φυγῃ.
1001 3675 1066 3759 1))
1126 3662 1352 3756 ὅμοιον
1395 3662 1622 3757 ὁμοίιιιι.
1704 3672 1895 3738 1960
1964 3675 2026 3756 a)
2076 3668 2290 3737 ποιῶν
2333 3676 2537 3737 ποιεῖ.
2608 3674 2672 3756 1))
2726 3662 2890 3737 ἕκων

446 3770 677 3855 ἑκόντι,
728 3781 852 3843 alia
896 3781 1184 3863 plurima'.

617 3886 910 3951 Menex.
993 3887 1121 3950 237
1181 3885 1234 3948 Β
1298 3873 1695 4003 προγόνωνε
1738 3880 2027 3967 γένεσις.
2122 3884 2313 3947 238Ε
2374 3873 2563 3971 ἡμεῖς
2632 3880 2705 3948 δὲ
2773 3880 2885 3947 καὶ

444 4014 506 4054 οι
564 3980 880 4077 ἡμέτεροι.
973 3991 1167 4056 239Β
1217 3991 1278 4074 a)
1314 3978 1614 4075 Ἕλλνσιν
1664 3976 1832 4074 ὓπερ
1887 3977 2211 4075 Ἑλλήνιον.
2310 3990 2375 4074 b)
2427 3979 2515 4067 (ὃς
2575 3977 2888 4076 ἠμύναντο

441 4094 556 4159 καὶ
602 4086 691 4173 ὥς
734 4083 989 4183 ηἰιυναν.
1096 4097 1142 4162 O
1208 4097 1270 4180 a)
1332 4090 1535 4158 ταῦτα
1587 4090 1711 4176 μὲν
1786 4078 1892 4158 οὖν
1948 4085 2060 4158 διὰ
2105 4090 2323 4159 ταῖτα.
2416 4097 2480 4179 1))
2540 4083 2729 4175 ἆξίαν
2775 4082 2885 4157 ἐπ’

441 4190 706 4280 αξίοις.
735 4204 862 4267 240
891 4205 943 4267 Β
993 4201 1066 4267 ἐκ
1111 4190 1446 4287 θαλάττης
1489 4193 1584 4277 εἷς
1626 4189 1979 4264 θάλατταν.
2075 4202 2202 4265 242
2257 4201 2311 4264 Β
2358 4191 2647 4283 πόλεμον
2688 4199 2889 4265 πολε-

3204 4428 3239 4659 ᾼᾼᾉ-Δμ
