3250 4700
1620 167 1705 228 40

433 379 613 439 σθεν.
707 377 770 458 d)
830 364 919 452 (ὃς
977 365 1160 462 ἡμῖν,
1223 363 1300 439 ἂν
1373 373 1494 458 μὲν
1551 373 1827 458 νικῶμεν
1872 415 1953 424 -
2018 367 2055 464 ἡ
2116 373 2258 464 νίκη
2320 368 2615 463 αἰσχύνην
2675 374 2877 464 φέρει,

441 470 478 542 25
530 478 603 545 δὲ
647 462 823 567 ἧττα,
875 472 985 545 ἐὰν
1029 470 1399 568 ἡττώμεθα,
1447 470 1874 564 εὐδαιμονίαν.
1968 484 2026 566 e)
2058 474 2346 564 μάλιστα
2376 470 2516 546 δ’ἷέν
2546 475 2885 568 νικῴμεθα

443 584 557 650 καὶ
614 575 795 668 ὑμεῖς
853 578 1142 674 νικῴητε.
1249 589 1302 651 Β
1364 590 1424 671 a)
1489 579 1655 651 εἶναι
1709 585 1829 670 μὲν
1888 579 2006 674 γὰρ
2057 580 2253 670 τιμὰς
2309 586 2542 673 γονέων
2598 580 2885 673 ἐκγόνοις

443 683 640 768 καλὸς
683 684 1012 779 θησαυρὸς
1055 691 1169 756 καὶ
1213 685 1735 780 μεγαλοπρεπής·
1772 702 1789 740 '¹
1825 692 2113 781 χρῆσθαι
2159 692 2232 758 δὲ
2262 693 2375 757 καὶ
2405 685 2740 781 χρημάτων
2770 691 2883 756 καὶ

446 795 648 878 τιμῶν
705 797 1018 884 θησαυρῷ
1074 797 1210 883 (καὶ
1265 790 1376 885 μὴ
1413 837 1493 846 —-
1553 791 2013 885 παραδιδόναι)
2072 791 2332 885 αἰσχρὸν
2388 799 2500 863 καὶ
2558 787 2879 884 ἄνανδρον.

445 905 508 986 b)
561 895 670 966 ἐὰν
710 901 830 985 μὲν
872 902 1072 968 ταῦτα
1119 896 1749 992 ἐπιτηδεύσητε,
1798 901 2030 993 φίλοι
2080 943 2161 952 --
2207 893 2531 992 ἀφίξεσθε
2567 943 2647 952 —
2692 892 2883 986 ἆμε-

441 999 792 1094 λήσαντα
806 1035 838 1086 ς
882 1007 957 1074 δὲ
1005 1049 1086 1056 --
1137 999 1346 1088 οὖδεὶς
1404 999 1541 1093 εὗμ
1556 1035 1586 1075 ε
1604 1036 1638 1074 ν
1656 1008 1708 1075 ὦ
1726 1035 1759 1088 ς
1816 1001 2223 1090 ὑποδέξεται.
2332 1011 2377 1076 C
2422 1013 2563 1087 τοῖς
2605 1007 2725 1091 μὲν
2771 994 2877 1073 οὖν

444 1111 973 1201 παισί-πατέρας
1004 1115 1096 1180 δέ.
1167 1119 1224 1180 D
1273 1115 1574 1203 φέροντες
1615 1115 1735 1198 μὲν
1774 1105 2077 1203 ἀνδρείως
2106 1109 2224 1194 τὰς
2255 1107 2591 1204 συμφορὰς
2623 1107 2884 1194 δόξουσι

443 1217 535 1306 τῷ
602 1206 738 1284 ῧντι
801 1209 1105 1307 ἀνδρείων
1172 1219 1432 1286 παίδων
1505 1220 1785 1308 πατέρες
1842 1214 2005 1286 εἶναι
2072 1222 2185 1286 καὶ
2248 1211 2429 1286 αὖτοὶ
2503 1219 2805 1286 τοιοῦτοι·
2875 1219 2880 1308 Ι

440 1312 820 1403 ὑπείκοντες
887 1325 961 1390 δὲ
1044 1317 1346 1414 ’ὑποψίαν
1411 1327 1803 1412 παρέξουσιν
1880 1314 1920 1414 ἢ
1978 1319 2068 1413 μὴ
2126 1317 2423 1413 ἡμέτεροι
2482 1319 2645 1391 εἶναι
2702 1315 2742 1412 ἢ
2804 1365 2883 1372 -

443 1423 1002 1517 καταψεύδεσθαι.
1120 1434 1170 1496 Ε
1242 1430 1455 1510 καλῶς
1523 1433 1752 1496 δοκεῖ
1815 1430 2149 1516 λέγεσθαι.
2257 1430 2350 1518 τῷ
2418 1423 2536 1516 γὰρ
2604 1419 2753 1496 ὄντι
2821 1417 2889 1496 εὖ

440 1533 711 1621 λέγεται.
806 1541 869 1623 b)
937 1527 1064 1623 ὅτῳ
1126 1529 1244 1623 γὰρ
1303 1526 1484 1624 ἀνδρὶ
1545 1533 1642 1614 εἷς
1701 1529 1923 1602 ἑαυτὸν
1979 1525 2321 1625 ἀνήρτηται
2378 1529 2597 1601 πάντα
2645 1577 2726 1584 --
2774 1537 2885 1600 καὶ

439 1633 530 1729 μὴ
579 1640 644 1706 ἐν
689 1631 908 1721 ἄλλοις
951 1631 1340 1730 ἀνθρώποις
1385 1640 1735 1729 αἰωρεῖται.
1830 1646 1957 1708 248
1990 1647 2045 1708 A
2076 1646 2137 1728 a)
2186 1641 2260 1722 ἐξ
2302 1625 2387 1706 ὧν
2433 1631 2471 1730 ἢ
2503 1629 2570 1722 εῖν
2600 1631 2639 1730 ἢ
2672 1641 2890 1718 κακῶς

438 1740 836 1833 πραξάντων.
951 1752 1014 1833 b)
1085 1748 1478 1834 γιγνομένων
1553 1749 1667 1813 καὶ
1734 1747 2317 1836 διαφθειρομένων.
2434 1751 2491 1831 ο)
2561 1737 2702 1814 οἷ’ύτε
2770 1741 2888 1834 γὰρ

438 1850 675 1938 χαίρων
721 1843 862 1920 οὔτε
905 1846 1318 1936 λυπούμενος.
1414 1855 1460 1920 C
1506 1846 1588 1919 τὰ
1632 1852 1751 1937 μὲν
1796 1846 1913 1941 γὰρ
1956 1845 2233 1942 ἡμέτερα
2267 1893 2347 1902 ·—-
2402 1844 2593 1937 (ὥστε
2638 1852 2883 1941 πρέπει

443 1947 603 2023 αὐτὰ
645 1959 889 2041 μᾶλλον
933 1964 1201 2043 κοσμεῖν
1260 1948 1299 2047 ἢ
1344 1964 1661 2048 θρηνεῖν),
1722 1959 2033 2045 γυναικῶν
2089 1958 2163 2024 δὲ
2220 1959 2348 2024 τῶν
2408 1951 2743 2047 ἡμετέρων.
2837 1962 2887 2022 Ε

445 2061 680 2129 ἐκεῖνοί
739 2089 810 2130 τε
857 2063 1275 2152 ἐπέσκηπτον
1327 2057 1479 2154 ἡμῖν
1538 2055 1968 2152 ἀπαγγέλλειν
2012 2065 2123 2130 καὶ
2172 2057 2299 2151 ἐγω
2348 2105 2428 2112 -
2475 2055 2886 2151 ἀπαγγέλλει).

443 2171 508 2252 b)
572 2167 700 2234 τῶν
755 2169 874 2252 μέν
915 2175 1273 2253 μιμεῖσθαι
1334 2163 1482 2249 τοὺς
1529 2162 1763 2250 αὑτῶν,
1826 2169 1955 2236 τῶν
2013 2169 2086 2235 δὲ
2132 2175 2399 2257 θαρρεῖν
2448 2161 2615 2256 ὑπὲρ
2662 2161 2884 2235 αὗτῶν.

446 2277 504 2359 ο)
551 2274 663 2340 καὶ
709 2272 852 2363 ἰδίᾳ
895 2275 1008 2340 καὶ
1055 2273 1356 2365 δημοσία.
1450 2281 1576 2342 249
1610 2281 1666 2342 A
1712 2273 1809 2342 ἔτι
1854 2301 1923 2342 τε
1965 2275 2239 2341 παισὶν
2286 2262 2428 2341 οὖσι
2472 2275 2585 2340 καὶ
2618 2269 2889 2341 ἐπειδὰν

446 2378 499 2445 εἷ
508 2407 540 2459 ς
583 2370 672 2446 ἄν
689 2374 840 2467 δρὸς
881 2380 1068 2461 τέλος
1109 2378 1316 2448 ἰ’ωσιν.
1407 2386 1460 2449 Β
1508 2382 1637 2447 τῶν
1680 2381 1798 2465 μὲν
1839 2375 2342 2470 τελευτησάντων
2388 2381 2454 2447 ἕν
2496 2376 2889 2471 κληρονόμου

445 2487 558 2552 καὶ
604 2484 778 2566 υἱέος
819 2485 1019 2575 μοίρᾳ
1063 2493 1524 2576 καθεστηκυῖα,
1580 2488 1709 2553 τῶν
1754 2488 1828 2554 δὲ
1872 2484 2062 2553 υἱέων
2108 2486 2173 2553 ἑν
2218 2480 2483 2573 πατρός,
2535 2488 2769 2574 γονέων
2815 2487 2888 2553 δὲ

442 2593 553 2658 καὶ
618 2583 746 2659 τῶν
788 2587 1097 2659 τοιούτων
1155 2592 1221 2659 ἐν
1267 2587 1653 2681 ἐπιτρόπου.
1748 2596 1794 2661 O
1855 2598 1995 2671 τοῖς
2038 2618 2107 2659 τε
2152 2586 2269 2680 γὰρ
2318 2586 2725 2681 τελευτήσασι
2774 2592 2885 2658 καὶ

443 2704 583 2777 τοῖς
630 2698 842 2779 ζῶσιν.
936 2704 1000 2786 b)
1049 2692 1438 2787 θεραπεύειν
1481 2724 1550 2765 τε
1593 2699 1705 2765 καὶ
1752 2691 2269 2786 θεραπεύεσθαι.
2364 2703 2421 2784 ο)
2466 2690 2646 2782 ὗμεῖς
2675 2723 2745 2764 τε
2775 2700 2885 2763 καὶ

449 2800 509 2869 οἳ
557 2793 742 2871 ἄλλοι
787 2798 1043 2884 πάντες.

626 2912 916 2977 Ceterum
985 2914 1288 2978 antitheta
1351 2933 1592 2996 semper
1659 2913 1782 2977 fere
1845 2916 2225 2977 exacuuntur
2284 2913 2718 2977 aecedentibus
2778 2916 2889 2977 aut

447 3020 944 3083 homoeoteleutis
991 3023 1100 3083 aut
1153 3020 1370 3102 parisis
1433 3022 1544 3083 aut
1597 3019 1743 3082 lusu
1785 3019 2130 3083 verborum.
2220 3018 2736 3099 Frequentissime
2782 3038 2891 3081 au—

447 3128 576 3188 tem
621 3124 894 3187 adhibita
941 3128 1034 3189 est
1079 3145 1152 3189 ea
1199 3126 1509 3207 oppositi0‚
1565 3144 1722 3206 quae
1766 3125 2087 3205 negatione
2134 3125 2413 3188 alterutri
2457 3126 2732 3189 membro
2782 3125 2888 3187 ad-

445 3232 602 3295 iecta
649 3230 930 3294 efficitur.
1025 3230 1228 3309 Quare
1275 3231 1633 3313 saepissime
1677 3231 1776 3304 fit,
1823 3234 1894 3293 ut
1940 3230 2156 3294 eadem
2201 3233 2514 3313 repetatur
2560 3230 2885 3294 sententia.

447 3336 638 3401 Cuius
706 3335 944 3417 generis
1013 3336 1077 3399 in
1144 3337 1262 3400 hae
1329 3337 1598 3401 oratione
1674 3336 2073 3400 inveniuntur
2141 3324 2423 3419 exempla
2475 3336 2887 3417 quadraginta

446 3442 748 3523 quinque,
810 3442 876 3505 in
928 3442 1229 3525 epitaphio
1273 3442 1664 3523 Thucydideo
1709 3441 1927 3522 viginti
1972 3442 2110 3506 duo,
2212 3442 2346 3505 Hoe
2390 3442 2519 3506 loeo
2575 3460 2697 3504 non
2743 3441 2891 3503 alie-

447 3566 602 3610 num
644 3547 887 3611 videtur
934 3566 1413 3613 commemorare
1473 3567 1669 3629 genus
1714 3547 2159 3611 antithetorum
2206 3547 2491 3611 effectum
2535 3546 2765 3610 voculis
2814 3532 2887 3609 οὗ

439 3642 517 3715 τὸ
562 3650 790 3715 πλεῖον
849 3638 889 3738 ’ἢ
935 3653 1058 3717 sive
1109 3640 1180 3717 οὗ
1223 3649 1466 3733 μᾶλλον
1524 3638 1562 3738 ἢ
1609 3654 1735 3717 sive
1783 3639 1856 3715 οὗ
1897 3648 2143 3733 μᾶλλον
2188 3638 2349 3714 ἄλλά
2372 3701 2386 3726 ,
2445 3652 2609 3733 quod
2652 3652 2887 3734 proprie

443 3759 523 3822 ad
580 3759 840 3822 colorem
893 3759 1365 3841 Thucydideum
1425 3760 1693 3842 pertinet
1761 3762 1823 3823 et
1883 3759 1949 3823 in
2008 3758 2313 3840 epitaphio
2371 3757 2642 3821 historici
2700 3758 2888 3821 octies

444 3865 793 3929 adhibitum
839 3868 950 3939 est,
995 3865 1060 3927 in
1105 3864 1440 3931 Menexeno
1487 3865 1735 3931 omnino
1782 3884 1905 3929 non
1951 3863 2224 3928 inveniri.
2318 3862 2629 3946 Oppositio
2675 3867 2887 3927 autem

441 3972 672 4035 voculis
728 3967 848 4052 μὲν
892 3974 954 4036 et
999 3967 1072 4034 δὲ
1132 3970 1346 4037 effecta
1405 3972 1681 4036 adhibita
1742 3974 1838 4035 est
1896 3970 1967 4033 in
2028 3970 2331 4051 epitaphio
2378 3970 2692 4033 Platonico
2739 3988 2891 4050 qua-

443 4077 683 4157 dragies
728 4077 842 4151 bis,
904 4077 970 4140 in
1013 4076 1378 4158 fragmentis
1429 4077 1721 4160 epitaphii
1773 4079 1835 4141 et
1884 4074 2191 4157 Olympici
2240 4074 2483 4156 Gorgiei
2530 4075 2735 4139 novies
2753 4123 2767 4149 ,
2825 4075 2892 4138 in

441 4182 712 4245 oratione
781 4181 1025 4245 funebri
1081 4184 1478 4265 Thucydidea
1551 4184 1775 4266 septies
1836 4181 2057 4246 decies.
2166 4183 2447 4264 Denique
2516 4182 2893 4246 usitatorum
