3250 4700
1512 153 1592 216 59

335 371 568 444 bratur,
614 367 703 431 ita
748 367 813 430 in
857 367 1128 431 oratione
1175 366 1304 431 eius
1335 366 1594 447 vestigia
1634 365 1811 430 facile
1857 366 2022 430 cerni
2061 369 2333 449 possunt.
2409 365 2777 448 Epitaphius

339 475 507 538 enim
577 492 699 537 non
767 473 967 537 solum
1028 491 1174 537 cum
1235 473 1637 554 descriptione
1694 472 2031 537 rhetoricae
2087 472 2350 538 blandae
2420 492 2459 537 a
2527 471 2775 538 Socrate

337 579 605 644 exhibita
651 579 896 643 omnino
942 579 1257 660 congruit,
1306 578 1411 643 sed
1457 578 1649 642 etiam
1672 578 1756 641 ‚in
1802 578 2061 660 singulis
2106 579 2307 642 verbis
2348 583 2410 643 et
2451 579 2771 644 sententiis

335 684 598 766 insignis
643 687 739 748 est
778 684 928 748 artis
970 683 1266 766 Gorgieae
1323 683 1684 748 imitatione.
1777 683 1948 763 Quae
1994 685 2263 749 cernitur
2318 703 2463 749 cum
2518 686 2583 748 in
2628 685 2786 748 arti—

335 791 489 854 ficiis
534 790 810 854 oratoriis
866 791 1036 871 large
1081 789 1373 854 adhibitis
1393 837 1408 866 ,
1471 793 1610 854 tum
1673 790 1740 852 in
1786 808 1858 854 ea
1901 791 2138 854 ratione
2156 838 2171 866 ,
2232 808 2390 872 quae
2449 790 2779 855 intercedit

337 896 498 960 inter
541 899 1037 960 ornamentorum
1081 897 1433 960 ubertatem
1490 901 1552 961 et
1604 896 1767 961 inter
1812 896 2258 960 sententiarum
2316 899 2426 960 aut
2468 897 2772 960 vilitatem

338 1004 448 1065 aut
491 1002 877 1067 tenuitatem.
964 1001 1183 1083 Itaque
1229 1002 1591 1067 contendere
1637 1020 1759 1066 non
1806 983 2164 1066 dubitamus
2182 1049 2197 1078 ,
2252 1003 2592 1066 orationem
2638 1021 2784 1084 spe--

337 1108 538 1172 cimen
583 1126 716 1172 esse
762 1108 989 1172 ironiae
1032 1107 1349 1183 mimicae3
1409 1107 1693 1172 Socrates
1739 1107 1906 1171 enim
1953 1106 2254 1172 simulans
2275 1155 2290 1183 ,
2340 1127 2405 1172 se
2450 1109 2513 1173 in
2561 1112 2768 1191 partes

338 1213 668 1278 adversarii
715 1213 1028 1291 transisse,
1075 1213 1288 1290 efficit,
1332 1217 1404 1278 ut
1450 1213 1760 1296 sophistae
1806 1213 2035 1294 effigies
2096 1213 2161 1277 in
2206 1214 2441 1296 dialogo
2486 1218 2787 1279 cernatur

340 1319 500 1383 sicut
527 1319 594 1383 in
628 1321 888 1402 speculo.
958 1319 1188 1400 Quodsi
1217 1320 1576 1402 respicimus
1606 1319 2005 1384 manifestam
2036 1339 2225 1401 quam
2255 1320 2468 1385 multis
2499 1321 2647 1386 locis
2680 1321 2773 1384 in-

337 1426 620 1490 venimus
642 1426 962 1491 Menexeni
985 1446 1129 1490 cum
1155 1425 1382 1507 Gorgia
1412 1426 1651 1506 dialogo
1684 1425 2069 1502 affinitatem,
2100 1445 2226 1490 non
2248 1426 2491 1490 videtur
2513 1427 2771 1490 dubium

340 1550 502 1608 esse,
572 1532 719 1613 quin
780 1533 971 1597 oratio
1029 1532 1306 1597 funebris
1367 1551 1524 1614 quae
1585 1532 1653 1595 in
1711 1532 2044 1597 Menexeno
2104 1535 2200 1596 est
2270 1532 2443 1596 nobis
2511 1531 2776 1613 effigiem

341 1638 655 1718 quandam
699 1639 991 1720 praebeat
1047 1638 1248 1702 iocosa
1307 1655 1380 1700 ac
1445 1637 1647 1720 lepida
1703 1637 2044 1702 imitatione
2089 1656 2440 1720 expressam
2498 1637 2775 1702 eiusdem

341 1743 490 1806 artis
535 1743 830 1807 oratoriae
849 1790 864 1819 ,
919 1743 994 1807 de
1040 1743 1214 1806 cuius
1259 1761 1404 1807 vera
1447 1743 1646 1808 indole
1703 1743 1766 1806 in
1815 1743 1917 1806 illo
1963 1743 2349 1826 disputatum
2394 1746 2505 1808 est.
2597 1742 2679 1807 Et
2724 1743 2774 1806 si

339 1867 406 1913 re
456 1867 601 1912 vera
648 1846 906 1929 Gorgias
924 1895 939 1924 ,
982 1851 1055 1911 ut
1096 1850 1452 1914 Athenaeus
1501 1848 1615 1925 (XI
1662 1849 1788 1912 505
1813 1848 1897 1932 D)
1945 1849 2161 1925 tradit,
2205 1849 2308 1913 illo
2352 1849 2589 1930 dialogo
2646 1868 2784 1931 per-

340 1955 496 2017 lecto
538 1953 704 2030 dixit,
749 1954 1074 2018 Platonem
1118 1955 1273 2019 bene
1314 1954 1602 2019 didicisse
1648 1954 1886 2019 iambos
1931 1954 2147 2031 facere,
2191 1954 2357 2019 idem
2401 1955 2465 2018 in
2496 1955 2790 2019 Menexe-

341 2078 498 2122 num
540 2060 736 2135 valet3
781 2077 928 2122 nam
973 2060 1161 2124 etiam
1207 2060 1306 2123 hic
1352 2063 1499 2124 sunt
1541 2060 1751 2124 iambi.
