<?xml version="1.0" encoding="UTF-8"?>
<!DOCTYPE html PUBLIC "-//W3C//DTD XHTML 1.0 Transitional//EN"
    "http://www.w3.org/TR/xhtml1/DTD/xhtml1-transitional.dtd">
<html xmlns="http://www.w3.org/1999/xhtml" xml:lang="en" lang="en">
 <head>
  <title>
</title>
<meta http-equiv="Content-Type" content="text/html;charset=utf-8" />
  <meta name='ocr-system' content='tesseract 3.04.00' />
  <meta name='ocr-capabilities' content='ocr_page ocr_carea ocr_par ocr_line ocrx_word'/>
</head>
<body>
  <div class='ocr_page' id='page_1' title='image "./deironiamenexen00berngoog_0018.png"; bbox 0 0 3250 4700; ppageno 0'>
   <div class='ocr_carea' id='block_1_1' title="bbox 1630 219 1709 281">
    <p class='ocr_par' dir='ltr' id='par_1_1' title="bbox 1630 219 1709 281">
     <span class='ocr_line' id='line_1_1' title="bbox 1630 219 1709 281; baseline 0.013 -1"><span class='ocrx_word' id='word_1_1' title='bbox 1630 219 1709 281; x_wconf 91' lang='grc'><strong>10</strong></span> 
     </span>
    </p>
   </div>
   <div class='ocr_carea' id='block_1_2' title="bbox 1458 309 1883 316">
    <p class='ocr_par' dir='ltr' id='par_1_2' title="bbox 1458 309 1883 316">
     <span class='ocr_line' id='line_1_2' title="bbox 1458 309 1883 316; baseline 0 0"><span class='ocrx_word' id='word_1_2' title='bbox 1458 309 1883 316; x_wconf 95' lang='lat' dir='ltr'><strong> </strong></span> 
     </span>
    </p>
   </div>
   <div class='ocr_carea' id='block_1_3' title="bbox 449 427 2899 1252">
    <p class='ocr_par' dir='ltr' id='par_1_3' title="bbox 449 427 2896 615">
     <span class='ocr_line' id='line_1_3' title="bbox 449 427 2896 512; baseline 0.001 -22"><span class='ocrx_word' id='word_1_3' title='bbox 449 429 555 502; x_wconf 83' lang='lat' dir='ltr'><strong>eis,</strong></span> <span class='ocrx_word' id='word_1_4' title='bbox 601 446 757 508; x_wconf 90' lang='lat' dir='ltr'><strong>quas</strong></span> <span class='ocrx_word' id='word_1_5' title='bbox 804 427 938 491; x_wconf 89' lang='lat' dir='ltr'><strong>aliis</strong></span> <span class='ocrx_word' id='word_1_6' title='bbox 983 428 1131 492; x_wconf 91' lang='lat' dir='ltr'><strong>locis</strong></span> <span class='ocrx_word' id='word_1_7' title='bbox 1178 427 1550 504; x_wconf 76' lang='lat' dir='ltr'>defenderat,</span> <span class='ocrx_word' id='word_1_8' title='bbox 1607 429 1793 509; x_wconf 91' lang='lat' dir='ltr'><strong>idque</strong></span> <span class='ocrx_word' id='word_1_9' title='bbox 1838 429 2115 493; x_wconf 89' lang='lat' dir='ltr'><strong>consulto</strong></span> <span class='ocrx_word' id='word_1_10' title='bbox 2162 447 2305 493; x_wconf 92' lang='lat' dir='ltr'><strong>eum</strong></span> <span class='ocrx_word' id='word_1_11' title='bbox 2350 430 2569 494; x_wconf 83' lang='lat' dir='ltr'><strong>fecisse</strong></span> <span class='ocrx_word' id='word_1_12' title='bbox 2616 434 2896 512; x_wconf 70' lang='lat' dir='ltr'><strong>apparet,</strong></span> 
     </span>
     <span class='ocr_line' id='line_1_4' title="bbox 450 533 2047 615; baseline 0.001 -19"><span class='ocrx_word' id='word_1_13' title='bbox 450 552 571 614; x_wconf 90' lang='lat' dir='ltr'><strong>quo</strong></span> <span class='ocrx_word' id='word_1_14' title='bbox 614 533 813 614; x_wconf 89' lang='lat' dir='ltr'><strong>magis</strong></span> <span class='ocrx_word' id='word_1_15' title='bbox 861 553 926 598; x_wconf 90' lang='lat' dir='ltr'><strong>se</strong></span> <span class='ocrx_word' id='word_1_16' title='bbox 971 553 1092 598; x_wconf 91' lang='lat' dir='ltr'><strong>non</strong></span> <span class='ocrx_word' id='word_1_17' title='bbox 1139 535 1296 599; x_wconf 88' lang='lat' dir='ltr'><strong>seria</strong></span> <span class='ocrx_word' id='word_1_18' title='bbox 1340 553 1520 615; x_wconf 88' lang='lat' dir='ltr'><strong>agere</strong></span> <span class='ocrx_word' id='word_1_19' title='bbox 1563 538 2047 615; x_wconf 74' lang='lat' dir='ltr'>cognosceretur.</span> 
     </span>
    </p>

    <p class='ocr_par' dir='ltr' id='par_1_4' title="bbox 450 639 2899 1252">
     <span class='ocr_line' id='line_1_5' title="bbox 627 639 2899 722; baseline 0.001 -19"><span class='ocrx_word' id='word_1_20' title='bbox 627 642 718 703; x_wconf 91' lang='lat' dir='ltr'><strong>Ac</strong></span> <span class='ocrx_word' id='word_1_21' title='bbox 777 640 1048 722; x_wconf 89' lang='lat' dir='ltr'><strong>primum</strong></span> <span class='ocrx_word' id='word_1_22' title='bbox 1105 639 1591 704; x_wconf 76' lang='lat' dir='ltr'><strong>immortalitatis</strong></span> <span class='ocrx_word' id='word_1_23' title='bbox 1649 641 2000 704; x_wconf 89' lang='lat' dir='ltr'><strong>animarum</strong></span> <span class='ocrx_word' id='word_1_24' title='bbox 2014 689 2029 716; x_wconf 87' lang='lat'><strong>‚</strong></span> <span class='ocrx_word' id='word_1_25' title='bbox 2090 642 2339 722; x_wconf 90' lang='lat' dir='ltr'><strong>qualem</strong></span> <span class='ocrx_word' id='word_1_26' title='bbox 2385 641 2561 705; x_wconf 88' lang='lat' dir='ltr'><strong>Plato</strong></span> <span class='ocrx_word' id='word_1_27' title='bbox 2616 642 2899 706; x_wconf 79' lang='lat' dir='ltr'><strong>definivit</strong></span> 
     </span>
     <span class='ocr_line' id='line_1_6' title="bbox 451 745 2897 829; baseline 0 -18"><span class='ocrx_word' id='word_1_28' title='bbox 451 750 513 811; x_wconf 92' lang='lat' dir='ltr'><strong>et</strong></span> <span class='ocrx_word' id='word_1_29' title='bbox 555 745 789 821; x_wconf 83' lang='lat' dir='ltr'><strong>docuit,</strong></span> <span class='ocrx_word' id='word_1_30' title='bbox 846 746 911 809; x_wconf 92' lang='lat' dir='ltr'><strong>in</strong></span> <span class='ocrx_word' id='word_1_31' title='bbox 965 749 1144 810; x_wconf 90' lang='lat' dir='ltr'><strong>tanta</strong></span> <span class='ocrx_word' id='word_1_32' title='bbox 1187 747 1641 828; x_wconf 85' lang='lat' dir='ltr'><strong>opportunitate</strong></span> <span class='ocrx_word' id='word_1_33' title='bbox 1702 747 1873 809; x_wconf 89' lang='lat' dir='ltr'><strong>nulla</strong></span> <span class='ocrx_word' id='word_1_34' title='bbox 1916 747 1988 810; x_wconf 89' lang='lat' dir='ltr'><strong>fit</strong></span> <span class='ocrx_word' id='word_1_35' title='bbox 2030 747 2263 811; x_wconf 90' lang='lat' dir='ltr'><strong>mentio</strong></span> <span class='ocrx_word' id='word_1_36' title='bbox 2281 795 2296 822; x_wconf 83' lang='lat'>‚</span> <span class='ocrx_word' id='word_1_37' title='bbox 2354 747 2472 811; x_wconf 89' lang='lat' dir='ltr'><strong>nisi</strong></span> <span class='ocrx_word' id='word_1_38' title='bbox 2519 748 2657 829; x_wconf 88' lang='lat' dir='ltr'><strong>quis</strong></span> <span class='ocrx_word' id='word_1_39' title='bbox 2702 749 2897 812; x_wconf 84' lang='lat' dir='ltr'><strong>verba·</strong></span> 
     </span>
     <span class='ocr_line' id='line_1_7' title="bbox 450 839 2891 938; baseline 0.001 -23"><span class='ocrx_word' id='word_1_40' title='bbox 450 871 608 933; x_wconf 88' lang='lat' dir='ltr'><strong>quae</strong></span> <span class='ocrx_word' id='word_1_41' title='bbox 663 853 955 933; x_wconf 89' lang='lat' dir='ltr'><strong>leguntur</strong></span> <span class='ocrx_word' id='word_1_42' title='bbox 1012 852 1139 915; x_wconf 83' lang='lat'><strong>247</strong></span> <span class='ocrx_word' id='word_1_43' title='bbox 1163 850 1210 915; x_wconf 85' lang='lat' dir='ltr'>G</span> <span class='ocrx_word' id='word_1_44' title='bbox 1269 846 1455 938; x_wconf 84' lang='grc' dir='ltr'><em>φίλοι</em></span> <span class='ocrx_word' id='word_1_45' title='bbox 1510 841 1695 937; x_wconf 81' lang='grc' dir='ltr'><strong><em>παρὰ</em></strong></span> <span class='ocrx_word' id='word_1_46' title='bbox 1753 847 1985 938; x_wconf 82' lang='grc' dir='ltr'><em>φίλους</em></span> <span class='ocrx_word' id='word_1_47' title='bbox 2038 839 2664 938; x_wconf 63' lang='grc' dir='ltr'><em>ἀφίξεσθε-οὐδεὶς</em></span> <span class='ocrx_word' id='word_1_48' title='bbox 2720 843 2891 917; x_wconf 74' lang='grc' dir='ltr'><em>ὓπο-</em></span> 
     </span>
     <span class='ocr_line' id='line_1_8' title="bbox 451 956 2887 1041; baseline 0 -19"><span class='ocrx_word' id='word_1_49' title='bbox 451 956 706 1037; x_wconf 79' lang='grc' dir='ltr'><strong>δέξεται</strong></span> <span class='ocrx_word' id='word_1_50' title='bbox 766 977 834 1024; x_wconf 87' lang='lat' dir='ltr'><strong>eo</strong></span> <span class='ocrx_word' id='word_1_51' title='bbox 897 961 1170 1039; x_wconf 88' lang='lat' dir='ltr'><strong>spectare</strong></span> <span class='ocrx_word' id='word_1_52' title='bbox 1231 957 1414 1021; x_wconf 88' lang='lat' dir='ltr'><strong>dicat.</strong></span> <span class='ocrx_word' id='word_1_53' title='bbox 1502 957 1666 1021; x_wconf 84' lang='lat' dir='ltr'><strong>Tum</strong></span> <span class='ocrx_word' id='word_1_54' title='bbox 1724 958 1989 1022; x_wconf 86' lang='lat' dir='ltr'><strong>civitatis</strong></span> <span class='ocrx_word' id='word_1_55' title='bbox 2046 959 2366 1041; x_wconf 83' lang='lat' dir='ltr'><strong>disciplina</strong></span> <span class='ocrx_word' id='word_1_56' title='bbox 2421 961 2887 1024; x_wconf 87' lang='lat' dir='ltr'><strong>Atheniensium</strong></span> 
     </span>
     <span class='ocr_line' id='line_1_9' title="bbox 451 1063 2899 1145; baseline 0.001 -18"><span class='ocrx_word' id='word_1_57' title='bbox 451 1065 518 1128; x_wconf 91' lang='lat' dir='ltr'><strong>in</strong></span> <span class='ocrx_word' id='word_1_58' title='bbox 561 1064 812 1128; x_wconf 88' lang='lat' dir='ltr'><strong>Politico</strong></span> <span class='ocrx_word' id='word_1_59' title='bbox 858 1064 1052 1128; x_wconf 67' lang='lat'><strong>2971«)</strong></span> <span class='ocrx_word' id='word_1_60' title='bbox 1071 1083 1119 1127; x_wconf 81' lang='lat' dir='ltr'><strong>s,</strong></span> <span class='ocrx_word' id='word_1_61' title='bbox 1169 1065 1295 1126; x_wconf 82' lang='lat'><strong>302</strong></span> <span class='ocrx_word' id='word_1_62' title='bbox 1313 1064 1364 1127; x_wconf 88' lang='grc' dir='ltr'>Ε</span> <span class='ocrx_word' id='word_1_63' title='bbox 1395 1064 1744 1145; x_wconf 88' lang='lat' dir='ltr'><strong>vituperata</strong></span> <span class='ocrx_word' id='word_1_64' title='bbox 1788 1063 1887 1128; x_wconf 90' lang='lat' dir='ltr'><strong>hic</strong></span> <span class='ocrx_word' id='word_1_65' title='bbox 1933 1065 2179 1128; x_wconf 90' lang='lat' dir='ltr'><strong>nomine</strong></span> <span class='ocrx_word' id='word_1_66' title='bbox 2225 1065 2429 1129; x_wconf 90' lang='lat' dir='ltr'><strong>dolose</strong></span> <span class='ocrx_word' id='word_1_67' title='bbox 2472 1069 2713 1129; x_wconf 88' lang='lat' dir='ltr'><strong>mutato</strong></span> <span class='ocrx_word' id='word_1_68' title='bbox 2756 1067 2899 1129; x_wconf 78' lang='lat' dir='ltr'><strong>lau-</strong></span> 
     </span>
     <span class='ocr_line' id='line_1_10' title="bbox 451 1169 2895 1252; baseline 0 -18"><span class='ocrx_word' id='word_1_69' title='bbox 451 1171 653 1234; x_wconf 90' lang='lat' dir='ltr'><strong>datur.</strong></span> <span class='ocrx_word' id='word_1_70' title='bbox 759 1169 944 1234; x_wconf 91' lang='lat' dir='ltr'><strong>Porro</strong></span> <span class='ocrx_word' id='word_1_71' title='bbox 1013 1188 1289 1252; x_wconf 90' lang='lat' dir='ltr'><strong>pugnam</strong></span> <span class='ocrx_word' id='word_1_72' title='bbox 1349 1170 1514 1252; x_wconf 91' lang='lat' dir='ltr'><strong>apud</strong></span> <span class='ocrx_word' id='word_1_73' title='bbox 1578 1169 1899 1233; x_wconf 86' lang='lat' dir='ltr'><strong>Salamina</strong></span> <span class='ocrx_word' id='word_1_74' title='bbox 1960 1169 2189 1234; x_wconf 85' lang='lat' dir='ltr'><strong>factam</strong></span> <span class='ocrx_word' id='word_1_75' title='bbox 2250 1171 2537 1235; x_wconf 87' lang='lat' dir='ltr'><strong>laudibus</strong></span> <span class='ocrx_word' id='word_1_76' title='bbox 2601 1171 2895 1246; x_wconf 62' lang='lat' dir='ltr'><strong>celebrat,</strong></span> 
     </span>
    </p>
   </div>
   <div class='ocr_carea' id='block_1_4' title="bbox 345 1274 2894 1358">
    <p class='ocr_par' dir='ltr' id='par_1_5' title="bbox 345 1274 2894 1358">
     <span class='ocr_line' id='line_1_11' title="bbox 345 1274 2894 1358; baseline 0 -19"><span class='ocrx_word' id='word_1_77' title='bbox 345 1342 355 1349; x_wconf 71' lang='lat'>‚</span> <span class='ocrx_word' id='word_1_78' title='bbox 453 1276 736 1358; x_wconf 89' lang='lat' dir='ltr'><strong>quamvis</strong></span> <span class='ocrx_word' id='word_1_79' title='bbox 799 1275 981 1356; x_wconf 89' lang='lat' dir='ltr'><strong>Legg.</strong></span> <span class='ocrx_word' id='word_1_80' title='bbox 1039 1274 1130 1338; x_wconf 94' lang='lat' dir='ltr'><strong>IV</strong></span> <span class='ocrx_word' id='word_1_81' title='bbox 1194 1277 1318 1340; x_wconf 84' lang='lat'><strong>707</strong></span> <span class='ocrx_word' id='word_1_82' title='bbox 1350 1274 1396 1339; x_wconf 92' lang='lat' dir='ltr'><strong>C</strong></span> <span class='ocrx_word' id='word_1_83' title='bbox 1467 1276 1728 1339; x_wconf 89' lang='lat' dir='ltr'><strong>eandem</strong></span> <span class='ocrx_word' id='word_1_84' title='bbox 1791 1279 2128 1340; x_wconf 90' lang='lat' dir='ltr'><strong>eventuum</strong></span> <span class='ocrx_word' id='word_1_85' title='bbox 2197 1277 2677 1358; x_wconf 89' lang='lat' dir='ltr'><strong>perniciosorum</strong></span> <span class='ocrx_word' id='word_1_86' title='bbox 2747 1279 2894 1358; x_wconf 83' lang='lat' dir='ltr'><strong>plus</strong></span> 
     </span>
    </p>
   </div>
   <div class='ocr_carea' id='block_1_5' title="bbox 448 1381 2915 4115">
    <p class='ocr_par' dir='ltr' id='par_1_6' title="bbox 448 1381 2900 2416">
     <span class='ocr_line' id='line_1_12' title="bbox 452 1381 2892 1464; baseline -0 -19"><span class='ocrx_word' id='word_1_87' title='bbox 452 1401 643 1464; x_wconf 88' lang='lat' dir='ltr'><strong>quam</strong></span> <span class='ocrx_word' id='word_1_88' title='bbox 689 1383 1058 1446; x_wconf 87' lang='lat' dir='ltr'><strong>salutarium</strong></span> <span class='ocrx_word' id='word_1_89' title='bbox 1104 1381 1394 1445; x_wconf 87' lang='lat' dir='ltr'><strong>habuisse</strong></span> <span class='ocrx_word' id='word_1_90' title='bbox 1439 1382 1789 1445; x_wconf 77' lang='lat' dir='ltr'><strong>contendat.</strong></span> <span class='ocrx_word' id='word_1_91' title='bbox 1880 1381 2115 1446; x_wconf 88' lang='lat' dir='ltr'><strong>Deinde</strong></span> <span class='ocrx_word' id='word_1_92' title='bbox 2148 1383 2601 1447; x_wconf 76' lang='lat' dir='ltr'><strong>contentionem</strong></span> <span class='ocrx_word' id='word_1_93' title='bbox 2634 1384 2892 1447; x_wconf 67' lang='lat' dir='ltr'><strong>deorum⁴</strong></span> 
     </span>
     <span class='ocr_line' id='line_1_13' title="bbox 448 1487 2887 1571; baseline 0 -20"><span class='ocrx_word' id='word_1_94' title='bbox 448 1490 513 1553; x_wconf 93' lang='lat' dir='ltr'><strong>in</strong></span> <span class='ocrx_word' id='word_1_95' title='bbox 547 1487 739 1552; x_wconf 89' lang='lat' dir='ltr'><strong>Critia</strong></span> <span class='ocrx_word' id='word_1_96' title='bbox 774 1489 952 1571; x_wconf 87' lang='grc'>(109)</span> <span class='ocrx_word' id='word_1_97' title='bbox 985 1488 1278 1552; x_wconf 87' lang='lat' dir='ltr'><strong>reiectam</strong></span> <span class='ocrx_word' id='word_1_98' title='bbox 1308 1487 1374 1550; x_wconf 95' lang='lat' dir='ltr'><strong>in</strong></span> <span class='ocrx_word' id='word_1_99' title='bbox 1405 1487 1827 1550; x_wconf 88' lang='lat' dir='ltr'><strong>laudationem</strong></span> <span class='ocrx_word' id='word_1_100' title='bbox 1860 1491 2057 1551; x_wconf 90' lang='lat' dir='ltr'><strong>terrae</strong></span> <span class='ocrx_word' id='word_1_101' title='bbox 2086 1488 2323 1552; x_wconf 85' lang='lat' dir='ltr'><strong>reducit</strong></span> <span class='ocrx_word' id='word_1_102' title='bbox 2358 1489 2617 1570; x_wconf 77' lang='lat' dir='ltr'><strong>(MeneX.</strong></span> <span class='ocrx_word' id='word_1_103' title='bbox 2644 1490 2771 1552; x_wconf 83' lang='lat'><strong>237</strong></span> <span class='ocrx_word' id='word_1_104' title='bbox 2793 1487 2887 1571; x_wconf 91' lang='lat' dir='ltr'><strong>C).</strong></span> 
     </span>
     <span class='ocr_line' id='line_1_14' title="bbox 449 1593 2891 1676; baseline -0.001 -18"><span class='ocrx_word' id='word_1_105' title='bbox 449 1595 752 1676; x_wconf 89' lang='lat' dir='ltr'><strong>Deinceps</strong></span> <span class='ocrx_word' id='word_1_106' title='bbox 810 1594 1197 1657; x_wconf 85' lang='lat' dir='ltr'><strong>venationem</strong></span> <span class='ocrx_word' id='word_1_107' title='bbox 1255 1612 1294 1656; x_wconf 89' lang='lat' dir='ltr'><strong>a</strong></span> <span class='ocrx_word' id='word_1_108' title='bbox 1337 1593 1486 1656; x_wconf 90' lang='lat' dir='ltr'><strong>Dati</strong></span> <span class='ocrx_word' id='word_1_109' title='bbox 1542 1593 1901 1656; x_wconf 90' lang='lat' dir='ltr'><strong>institutam</strong></span> <span class='ocrx_word' id='word_1_110' title='bbox 1959 1613 2029 1658; x_wconf 92' lang='lat' dir='ltr'><strong>eo</strong></span> <span class='ocrx_word' id='word_1_111' title='bbox 2086 1595 2215 1658; x_wconf 89' lang='lat' dir='ltr'><strong>loco</strong></span> <span class='ocrx_word' id='word_1_112' title='bbox 2272 1594 2378 1675; x_wconf 90' lang='lat' dir='ltr'><strong>qui</strong></span> <span class='ocrx_word' id='word_1_113' title='bbox 2424 1598 2519 1659; x_wconf 90' lang='lat' dir='ltr'><strong>est</strong></span> <span class='ocrx_word' id='word_1_114' title='bbox 2562 1595 2746 1675; x_wconf 90' lang='lat' dir='ltr'><strong>Legg.</strong></span> <span class='ocrx_word' id='word_1_115' title='bbox 2792 1594 2891 1657; x_wconf 89' lang='lat' dir='ltr'><strong>III</strong></span> 
     </span>
     <span class='ocr_line' id='line_1_15' title="bbox 455 1699 2899 1783; baseline 0 -19"><span class='ocrx_word' id='word_1_116' title='bbox 455 1703 582 1764; x_wconf 82' lang='lat'><strong>698</strong></span> <span class='ocrx_word' id='word_1_117' title='bbox 600 1701 658 1763; x_wconf 92' lang='lat' dir='ltr'>D</span> <span class='ocrx_word' id='word_1_118' title='bbox 684 1702 731 1783; x_wconf 85' lang='grc'><strong>1)</strong></span> <span class='ocrx_word' id='word_1_119' title='bbox 786 1705 859 1763; x_wconf 92' lang='lat' dir='ltr'><strong>ut</strong></span> <span class='ocrx_word' id='word_1_120' title='bbox 915 1699 1445 1763; x_wconf 86' lang='lat' dir='ltr'><strong>narratiunculam</strong></span> <span class='ocrx_word' id='word_1_121' title='bbox 1505 1699 1584 1762; x_wconf 90' lang='lat' dir='ltr'><strong>ab</strong></span> <span class='ocrx_word' id='word_1_122' title='bbox 1646 1699 1749 1762; x_wconf 95' lang='lat' dir='ltr'><strong>illo</strong></span> <span class='ocrx_word' id='word_1_123' title='bbox 1795 1699 2025 1763; x_wconf 89' lang='lat' dir='ltr'><strong>editam</strong></span> <span class='ocrx_word' id='word_1_124' title='bbox 2071 1700 2422 1774; x_wconf 81' lang='lat' dir='ltr'><strong>rettulerat3</strong></span> <span class='ocrx_word' id='word_1_125' title='bbox 2483 1701 2744 1764; x_wconf 90' lang='lat' dir='ltr'><strong>eandem</strong></span> <span class='ocrx_word' id='word_1_126' title='bbox 2789 1701 2899 1764; x_wconf 86' lang='lat' dir='ltr'><strong>hic</strong></span> 
     </span>
     <span class='ocr_line' id='line_1_16' title="bbox 458 1804 2891 1888; baseline -0 -18"><span class='ocrx_word' id='word_1_127' title='bbox 458 1806 614 1888; x_wconf 85' lang='lat'>(240</span> <span class='ocrx_word' id='word_1_128' title='bbox 629 1807 709 1888; x_wconf 92' lang='lat' dir='ltr'><strong>B)</strong></span> <span class='ocrx_word' id='word_1_129' title='bbox 781 1805 933 1870; x_wconf 89' lang='lat' dir='ltr'><strong>serio</strong></span> <span class='ocrx_word' id='word_1_130' title='bbox 1001 1808 1063 1869; x_wconf 91' lang='lat' dir='ltr'><strong>et</strong></span> <span class='ocrx_word' id='word_1_131' title='bbox 1128 1804 1262 1868; x_wconf 86' lang='lat' dir='ltr'><strong>fuse</strong></span> <span class='ocrx_word' id='word_1_132' title='bbox 1332 1805 1592 1886; x_wconf 84' lang='lat' dir='ltr'><strong>exponit.</strong></span> <span class='ocrx_word' id='word_1_133' title='bbox 1686 1805 1963 1886; x_wconf 89' lang='lat' dir='ltr'><strong>Denique</strong></span> <span class='ocrx_word' id='word_1_134' title='bbox 2026 1804 2307 1870; x_wconf 87' lang='lat' dir='ltr'><strong>Socrates</strong></span> <span class='ocrx_word' id='word_1_135' title='bbox 2375 1809 2712 1888; x_wconf 87' lang='lat' dir='ltr'><strong>praetores,</strong></span> <span class='ocrx_word' id='word_1_136' title='bbox 2784 1806 2891 1888; x_wconf 87' lang='lat' dir='ltr'><strong>qui</strong></span> 
     </span>
     <span class='ocr_line' id='line_1_17' title="bbox 451 1910 2898 1995; baseline 0 -19"><span class='ocrx_word' id='word_1_137' title='bbox 451 1913 675 1995; x_wconf 90' lang='lat' dir='ltr'><strong>proelio</strong></span> <span class='ocrx_word' id='word_1_138' title='bbox 746 1912 910 1994; x_wconf 91' lang='lat' dir='ltr'><strong>apud</strong></span> <span class='ocrx_word' id='word_1_139' title='bbox 969 1912 1342 1991; x_wconf 86' lang='lat' dir='ltr'><strong>Arginussas</strong></span> <span class='ocrx_word' id='word_1_140' title='bbox 1411 1910 1738 1974; x_wconf 88' lang='lat' dir='ltr'><strong>commisso</strong></span> <span class='ocrx_word' id='word_1_141' title='bbox 1805 1911 2105 1987; x_wconf 85' lang='lat' dir='ltr'><strong>vicerant,</strong></span> <span class='ocrx_word' id='word_1_142' title='bbox 2172 1911 2238 1974; x_wconf 92' lang='lat' dir='ltr'><strong>in</strong></span> <span class='ocrx_word' id='word_1_143' title='bbox 2306 1912 2574 1976; x_wconf 90' lang='lat' dir='ltr'><strong>transitu</strong></span> <span class='ocrx_word' id='word_1_144' title='bbox 2644 1913 2898 1992; x_wconf 85' lang='lat' dir='ltr'><strong>stringit</strong></span> 
     </span>
     <span class='ocr_line' id='line_1_18' title="bbox 453 2016 2900 2100; baseline 0 -19"><span class='ocrx_word' id='word_1_145' title='bbox 453 2019 608 2100; x_wconf 84' lang='lat'>(243</span> <span class='ocrx_word' id='word_1_146' title='bbox 629 2016 703 2100; x_wconf 92' lang='lat' dir='ltr'><strong>C)</strong></span> <span class='ocrx_word' id='word_1_147' title='bbox 723 2066 738 2092; x_wconf 82' lang='lat'>‚</span> <span class='ocrx_word' id='word_1_148' title='bbox 801 2035 1183 2098; x_wconf 88' lang='lat' dir='ltr'><strong>quamquam</strong></span> <span class='ocrx_word' id='word_1_149' title='bbox 1227 2016 1302 2080; x_wconf 87' lang='lat' dir='ltr'><strong>de</strong></span> <span class='ocrx_word' id='word_1_150' title='bbox 1348 2016 1581 2080; x_wconf 88' lang='lat' dir='ltr'><strong>eisdem</strong></span> <span class='ocrx_word' id='word_1_151' title='bbox 1599 2065 1614 2092; x_wconf 89' lang='lat'>‚</span> <span class='ocrx_word' id='word_1_152' title='bbox 1662 2035 1807 2080; x_wconf 88' lang='lat' dir='ltr'><strong>cum</strong></span> <span class='ocrx_word' id='word_1_153' title='bbox 1853 2017 2125 2081; x_wconf 90' lang='lat' dir='ltr'><strong>accusati</strong></span> <span class='ocrx_word' id='word_1_154' title='bbox 2170 2021 2408 2093; x_wconf 83' lang='lat' dir='ltr'><strong>essent,</strong></span> <span class='ocrx_word' id='word_1_155' title='bbox 2452 2019 2783 2082; x_wconf 83' lang='lat' dir='ltr'><strong>liberaliter</strong></span> <span class='ocrx_word' id='word_1_156' title='bbox 2829 2023 2900 2082; x_wconf 80' lang='lat' dir='ltr'><strong>et.</strong></span> 
     </span>
     <span class='ocr_line' id='line_1_19' title="bbox 455 2122 2889 2206; baseline -0.001 -18"><span class='ocrx_word' id='word_1_157' title='bbox 455 2142 744 2205; x_wconf 88' lang='lat' dir='ltr'><strong>generose</strong></span> <span class='ocrx_word' id='word_1_158' title='bbox 800 2142 944 2188; x_wconf 92' lang='lat' dir='ltr'><strong>eum</strong></span> <span class='ocrx_word' id='word_1_159' title='bbox 1005 2122 1269 2186; x_wconf 86' lang='lat' dir='ltr'><strong>sensisse</strong></span> <span class='ocrx_word' id='word_1_160' title='bbox 1328 2125 1546 2186; x_wconf 92' lang='lat' dir='ltr'><strong>notum</strong></span> <span class='ocrx_word' id='word_1_161' title='bbox 1603 2125 1699 2185; x_wconf 87' lang='lat' dir='ltr'><strong>est</strong></span> <span class='ocrx_word' id='word_1_162' title='bbox 1743 2122 1939 2204; x_wconf 90' lang='lat' dir='ltr'><strong>(Apol.</strong></span> <span class='ocrx_word' id='word_1_163' title='bbox 1986 2123 2118 2205; x_wconf 85' lang='lat'><strong>32).</strong></span> <span class='ocrx_word' id='word_1_164' title='bbox 2210 2123 2428 2205; x_wconf 90' lang='lat' dir='ltr'><strong>Itaque</strong></span> <span class='ocrx_word' id='word_1_165' title='bbox 2484 2125 2717 2206; x_wconf 89' lang='lat' dir='ltr'><strong>aliquid</strong></span> <span class='ocrx_word' id='word_1_166' title='bbox 2763 2124 2889 2188; x_wconf 80' lang='lat' dir='ltr'><strong>veri</strong></span> 
     </span>
     <span class='ocr_line' id='line_1_20' title="bbox 456 2215 2895 2314; baseline -0 -21"><span class='ocrx_word' id='word_1_167' title='bbox 456 2231 618 2296; x_wconf 89' lang='lat' dir='ltr'><strong>inest</strong></span> <span class='ocrx_word' id='word_1_168' title='bbox 661 2229 728 2293; x_wconf 91' lang='lat' dir='ltr'><strong>in</strong></span> <span class='ocrx_word' id='word_1_169' title='bbox 773 2229 934 2292; x_wconf 88' lang='lat' dir='ltr'><strong>dicto</strong></span> <span class='ocrx_word' id='word_1_170' title='bbox 981 2227 1252 2292; x_wconf 88' lang='lat' dir='ltr'><strong>Socratis</strong></span> <span class='ocrx_word' id='word_1_171' title='bbox 1298 2228 1460 2309; x_wconf 91' lang='lat' dir='ltr'><strong>quod</strong></span> <span class='ocrx_word' id='word_1_172' title='bbox 1503 2228 1767 2310; x_wconf 87' lang='lat' dir='ltr'><strong>legimus</strong></span> <span class='ocrx_word' id='word_1_173' title='bbox 1813 2230 2041 2292; x_wconf 83' lang='lat' dir='ltr'><strong>236A:</strong></span> <span class='ocrx_word' id='word_1_174' title='bbox 2090 2215 2281 2306; x_wconf 63' lang='grc' dir='ltr'><strong><em>αὐτὸς</em></strong></span> <span class='ocrx_word' id='word_1_175' title='bbox 2321 2227 2443 2311; x_wconf 76' lang='grc' dir='ltr'><strong>μὲν</strong></span> <span class='ocrx_word' id='word_1_176' title='bbox 2488 2217 2644 2314; x_wconf 74' lang='grc' dir='ltr'><strong><em>παρ’</em></strong></span> <span class='ocrx_word' id='word_1_177' title='bbox 2693 2227 2895 2312; x_wconf 61' lang='grc' dir='ltr'><em>ε’μαι»</em></span> 
     </span>
     <span class='ocr_line' id='line_1_21' title="bbox 455 2321 1503 2416; baseline -0.006 -15"><span class='ocrx_word' id='word_1_178' title='bbox 455 2333 570 2401; x_wconf 72' lang='grc' dir='ltr'><strong>τοῦ</strong></span> <span class='ocrx_word' id='word_1_179' title='bbox 613 2328 776 2412; x_wconf 85' lang='grc' dir='ltr'><strong><em>ι’σως</em></strong></span> <span class='ocrx_word' id='word_1_180' title='bbox 823 2321 1008 2399; x_wconf 79' lang='grc' dir='ltr'><em>οὖδέν</em></span> <span class='ocrx_word' id='word_1_181' title='bbox 1053 2328 1204 2416; x_wconf 69' lang='grc' dir='ltr'><strong>(ἔχω</strong></span> <span class='ocrx_word' id='word_1_182' title='bbox 1244 2327 1503 2416; x_wconf 81' lang='grc' dir='ltr'><em>εἰπεῖν).</em></span> 
     </span>
    </p>

    <p class='ocr_par' dir='ltr' id='par_1_7' title="bbox 453 2392 2915 4115">
     <span class='ocr_line' id='line_1_22' title="bbox 633 2392 2897 2524; baseline -0 -18"><span class='ocrx_word' id='word_1_183' title='bbox 633 2441 860 2506; x_wconf 86' lang='lat' dir='ltr'><strong>Contra</strong></span> <span class='ocrx_word' id='word_1_184' title='bbox 927 2442 1322 2524; x_wconf 86' lang='lat' dir='ltr'><strong>philosophus</strong></span> <span class='ocrx_word' id='word_1_185' title='bbox 1390 2442 1702 2505; x_wconf 87' lang='lat' dir='ltr'><strong>nonnullis</strong></span> <span class='ocrx_word' id='word_1_186' title='bbox 1771 2442 2061 2508; x_wconf 88' lang='lat' dir='ltr'><strong>orationis</strong></span> <span class='ocrx_word' id='word_1_187' title='bbox 2127 2442 2275 2506; x_wconf 90' lang='lat' dir='ltr'><strong>locis</strong></span> <span class='ocrx_word' id='word_1_188' title='bbox 2336 2392 2578 2507; x_wconf 88' lang='lat' dir='ltr'><strong>videtur</strong></span> <span class='ocrx_word' id='word_1_189' title='bbox 2646 2462 2719 2507; x_wconf 86' lang='lat' dir='ltr'><strong>ea</strong></span> <span class='ocrx_word' id='word_1_190' title='bbox 2780 2444 2897 2507; x_wconf 88' lang='lat' dir='ltr'><strong>sibi</strong></span> 
     </span>
     <span class='ocr_line' id='line_1_23' title="bbox 454 2545 2893 2631; baseline -0 -18"><span class='ocrx_word' id='word_1_191' title='bbox 454 2548 894 2631; x_wconf 86' lang='lat' dir='ltr'><strong>assumpsisse.</strong></span> <span class='ocrx_word' id='word_1_192' title='bbox 953 2566 1110 2629; x_wconf 89' lang='lat' dir='ltr'><strong>quae</strong></span> <span class='ocrx_word' id='word_1_193' title='bbox 1163 2547 1231 2610; x_wconf 90' lang='lat' dir='ltr'><strong>in</strong></span> <span class='ocrx_word' id='word_1_194' title='bbox 1277 2545 1502 2628; x_wconf 85' lang='lat' dir='ltr'><strong>Gorgia</strong></span> <span class='ocrx_word' id='word_1_195' title='bbox 1546 2548 1911 2613; x_wconf 85' lang='lat' dir='ltr'><strong>adversariis</strong></span> <span class='ocrx_word' id='word_1_196' title='bbox 1955 2548 2333 2613; x_wconf 89' lang='lat' dir='ltr'><strong>tribuuntur.</strong></span> <span class='ocrx_word' id='word_1_197' title='bbox 2424 2548 2500 2611; x_wconf 90' lang='lat' dir='ltr'><strong>In</strong></span> <span class='ocrx_word' id='word_1_198' title='bbox 2545 2549 2679 2631; x_wconf 89' lang='lat' dir='ltr'><strong>ipsa</strong></span> <span class='ocrx_word' id='word_1_199' title='bbox 2727 2550 2893 2613; x_wconf 89' lang='lat' dir='ltr'><strong>enim</strong></span> 
     </span>
     <span class='ocr_line' id='line_1_24' title="bbox 455 2653 2904 2736; baseline -0 -18"><span class='ocrx_word' id='word_1_200' title='bbox 455 2655 720 2719; x_wconf 87' lang='lat' dir='ltr'><strong>civitatis</strong></span> <span class='ocrx_word' id='word_1_201' title='bbox 780 2654 1101 2736; x_wconf 86' lang='lat' dir='ltr'><strong>disciplina</strong></span> <span class='ocrx_word' id='word_1_202' title='bbox 1165 2653 1565 2717; x_wconf 89' lang='lat' dir='ltr'><strong>describenda</strong></span> <span class='ocrx_word' id='word_1_203' title='bbox 1632 2672 1777 2717; x_wconf 90' lang='lat' dir='ltr'><strong>cum</strong></span> <span class='ocrx_word' id='word_1_204' title='bbox 1836 2654 1892 2715; x_wconf 90' lang='lat' dir='ltr'><strong>vi</strong></span> <span class='ocrx_word' id='word_1_205' title='bbox 1962 2657 2024 2718; x_wconf 89' lang='lat' dir='ltr'><strong>et</strong></span> <span class='ocrx_word' id='word_1_206' title='bbox 2083 2654 2384 2734; x_wconf 89' lang='lat' dir='ltr'><strong>gravitate</strong></span> <span class='ocrx_word' id='word_1_207' title='bbox 2444 2656 2625 2718; x_wconf 80' lang='lat' dir='ltr'><strong>verbo</strong></span> <span class='ocrx_word' id='word_1_208' title='bbox 2684 2654 2904 2718; x_wconf 77' lang='grc' dir='ltr'><em>δοκεῖν</em></span> 
     </span>
     <span class='ocr_line' id='line_1_25' title="bbox 456 2746 2909 2845; baseline -0 -21"><span class='ocrx_word' id='word_1_209' title='bbox 456 2761 684 2825; x_wconf 86' lang='lat' dir='ltr'><strong>utitur:</strong></span> <span class='ocrx_word' id='word_1_210' title='bbox 732 2760 933 2823; x_wconf 85' lang='lat' dir='ltr'>238D</span> <span class='ocrx_word' id='word_1_211' title='bbox 978 2747 1055 2821; x_wconf 88' lang='grc' dir='ltr'><strong>τὸ</strong></span> <span class='ocrx_word' id='word_1_212' title='bbox 1097 2754 1364 2844; x_wconf 67' lang='grc' dir='ltr'><strong>πλῆθος</strong></span> <span class='ocrx_word' id='word_1_213' title='bbox 1405 2748 1525 2834; x_wconf 85' lang='grc' dir='ltr'><strong>τάς</strong></span> <span class='ocrx_word' id='word_1_214' title='bbox 1571 2780 1642 2821; x_wconf 89' lang='grc' dir='ltr'><strong>τε</strong></span> <span class='ocrx_word' id='word_1_215' title='bbox 1685 2746 1884 2843; x_wconf 76' lang='grc' dir='ltr'><strong><em>ἀρχὰς</em></strong></span> <span class='ocrx_word' id='word_1_216' title='bbox 1928 2755 2164 2821; x_wconf 84' lang='grc' dir='ltr'><em>δίδωσι</em></span> <span class='ocrx_word' id='word_1_217' title='bbox 2209 2756 2322 2821; x_wconf 82' lang='grc' dir='ltr'><strong>καὶ</strong></span> <span class='ocrx_word' id='word_1_218' title='bbox 2365 2750 2443 2822; x_wconf 85' lang='grc' dir='ltr'><strong>τὸ</strong></span> <span class='ocrx_word' id='word_1_219' title='bbox 2487 2750 2723 2845; x_wconf 79' lang='grc' dir='ltr'><strong>κράτος</strong></span> <span class='ocrx_word' id='word_1_220' title='bbox 2758 2763 2909 2835; x_wconf 81' lang='grc' dir='ltr'><strong>τοῖς</strong></span> 
     </span>
     <span class='ocr_line' id='line_1_26' title="bbox 453 2851 2898 2952; baseline -0 -23"><span class='ocrx_word' id='word_1_221' title='bbox 453 2854 558 2929; x_wconf 64' lang='lat' dir='ltr'><strong>&lt;iel</strong></span> <span class='ocrx_word' id='word_1_222' title='bbox 614 2856 948 2943; x_wconf 79' lang='grc' dir='ltr'><strong><em>δόξασιν</em></strong></span> <span class='ocrx_word' id='word_1_223' title='bbox 1001 2851 1375 2948; x_wconf 79' lang='grc' dir='ltr'><strong><em>ἆρίστοις</em></strong></span> <span class='ocrx_word' id='word_1_224' title='bbox 1427 2854 1614 2927; x_wconf 83' lang='grc' dir='ltr'><em>εἶναι.</em></span> <span class='ocrx_word' id='word_1_225' title='bbox 1678 2864 1824 2928; x_wconf 90' lang='lat' dir='ltr'><strong>ibid.</strong></span> <span class='ocrx_word' id='word_1_226' title='bbox 1881 2853 1979 2940; x_wconf 88' lang='grc' dir='ltr'><strong>εἷς</strong></span> <span class='ocrx_word' id='word_1_227' title='bbox 2024 2852 2197 2949; x_wconf 78' lang='grc' dir='ltr'><strong><em>ὅρος,</em></strong></span> <span class='ocrx_word' id='word_1_228' title='bbox 2266 2854 2560 2944; x_wconf 83' lang='grc' dir='ltr'><strong><em>ὁδόξας</em></strong></span> <span class='ocrx_word' id='word_1_229' title='bbox 2604 2856 2812 2952; x_wconf 82' lang='grc' dir='ltr'><strong><em>σοφὸς</em></strong></span> <span class='ocrx_word' id='word_1_230' title='bbox 2859 2890 2898 2952; x_wconf 84' lang='grc' dir='ltr'><em>η</em></span> 
     </span>
     <span class='ocr_line' id='line_1_27' title="bbox 455 2955 2909 3057; baseline -0.001 -22"><span class='ocrx_word' id='word_1_231' title='bbox 455 2959 714 3057; x_wconf 69' lang='grc' dir='ltr'><strong><em>ἀγαθὸς</em></strong></span> <span class='ocrx_word' id='word_1_232' title='bbox 779 2961 944 3034; x_wconf 82' lang='grc' dir='ltr'><em>εἶναι</em></span> <span class='ocrx_word' id='word_1_233' title='bbox 1011 2972 1232 3052; x_wconf 87' lang='grc' dir='ltr'><strong>κρατεῖ</strong></span> <span class='ocrx_word' id='word_1_234' title='bbox 1297 2967 1412 3032; x_wconf 82' lang='grc' dir='ltr'><strong>καὶ</strong></span> <span class='ocrx_word' id='word_1_235' title='bbox 1478 2955 1676 3054; x_wconf 65' lang='grc' dir='ltr'><em>ἔρχει.</em></span> <span class='ocrx_word' id='word_1_236' title='bbox 1791 2972 2023 3057; x_wconf 85' lang='lat' dir='ltr'><strong>239A.</strong></span> <span class='ocrx_word' id='word_1_237' title='bbox 2084 2970 2307 3057; x_wconf 76' lang='grc' dir='ltr'><em>μηδενὶ</em></span> <span class='ocrx_word' id='word_1_238' title='bbox 2372 2958 2546 3055; x_wconf 78' lang='grc' dir='ltr'><strong><em>αλλῳ</em></strong></span> <span class='ocrx_word' id='word_1_239' title='bbox 2607 2960 2909 3035; x_wconf 69' lang='grc' dir='ltr'><em>ὑπείκειν</em></span> 
     </span>
     <span class='ocr_line' id='line_1_28' title="bbox 456 3062 2891 3162; baseline -0 -21"><span class='ocrx_word' id='word_1_240' title='bbox 456 3065 757 3162; x_wconf 72' lang='grc' dir='ltr'><strong>ἀλλήλοις</strong></span> <span class='ocrx_word' id='word_1_241' title='bbox 813 3062 852 3162; x_wconf 76' lang='grc' dir='ltr'>ἢ</span> <span class='ocrx_word' id='word_1_242' title='bbox 911 3062 1138 3160; x_wconf 73' lang='grc' dir='ltr'><strong>ἀρετῆς</strong></span> <span class='ocrx_word' id='word_1_243' title='bbox 1196 3066 1388 3160; x_wconf 80' lang='grc' dir='ltr'><strong>δόξῃ</strong></span> <span class='ocrx_word' id='word_1_244' title='bbox 1433 3073 1545 3137; x_wconf 80' lang='grc' dir='ltr'><strong>καὶ</strong></span> <span class='ocrx_word' id='word_1_245' title='bbox 1592 3064 2014 3162; x_wconf 79' lang='grc' dir='ltr'><strong>φρονήσεως</strong></span> <span class='ocrx_word' id='word_1_246' title='bbox 2073 3076 2173 3157; x_wconf 83' lang='lat' dir='ltr'><strong>(cf.</strong></span> <span class='ocrx_word' id='word_1_247' title='bbox 2221 3078 2424 3142; x_wconf 84' lang='lat' dir='ltr'>247D</span> <span class='ocrx_word' id='word_1_248' title='bbox 2489 3068 2752 3155; x_wconf 78' lang='grc' dir='ltr'><strong><em>δόξουσι</em></strong></span> <span class='ocrx_word' id='word_1_249' title='bbox 2795 3074 2891 3162; x_wconf 71' lang='grc' dir='ltr'><strong>τῷ</strong></span> 
     </span>
     <span class='ocr_line' id='line_1_29' title="bbox 458 3168 2896 3266; baseline 0 -20"><span class='ocrx_word' id='word_1_250' title='bbox 458 3170 594 3246; x_wconf 61' lang='grc' dir='ltr'><strong><em>ὄντι</em></strong></span> <span class='ocrx_word' id='word_1_251' title='bbox 637 3172 944 3265; x_wconf 72' lang='grc' dir='ltr'><em>ἀνδρείων</em></span> <span class='ocrx_word' id='word_1_252' title='bbox 987 3177 1249 3243; x_wconf 81' lang='grc' dir='ltr'><em>παίδων</em></span> <span class='ocrx_word' id='word_1_253' title='bbox 1291 3177 1569 3263; x_wconf 81' lang='grc' dir='ltr'><strong><em>πατέρες</em></strong></span> <span class='ocrx_word' id='word_1_254' title='bbox 1611 3171 1778 3244; x_wconf 81' lang='grc' dir='ltr'><em>εἶναι</em></span> <span class='ocrx_word' id='word_1_255' title='bbox 1822 3179 1935 3244; x_wconf 81' lang='grc' dir='ltr'><strong>καὶ</strong></span> <span class='ocrx_word' id='word_1_256' title='bbox 1981 3168 2164 3245; x_wconf 78' lang='grc' dir='ltr'><strong>αὗτοὶ</strong></span> <span class='ocrx_word' id='word_1_257' title='bbox 2207 3179 2541 3266; x_wconf 77' lang='grc' dir='ltr'><strong>τοιοῦτοι).</strong></span> <span class='ocrx_word' id='word_1_258' title='bbox 2619 3186 2702 3247; x_wconf 92' lang='lat' dir='ltr'><strong>At</strong></span> <span class='ocrx_word' id='word_1_259' title='bbox 2729 3184 2896 3247; x_wconf 89' lang='lat' dir='ltr'><strong>idem</strong></span> 
     </span>
     <span class='ocr_line' id='line_1_30' title="bbox 460 3274 2906 3375; baseline -0.001 -21"><span class='ocrx_word' id='word_1_260' title='bbox 460 3289 742 3355; x_wconf 87' lang='lat' dir='ltr'><strong>Socrates</strong></span> <span class='ocrx_word' id='word_1_261' title='bbox 789 3289 1027 3352; x_wconf 86' lang='lat' dir='ltr'><strong>dixerat</strong></span> <span class='ocrx_word' id='word_1_262' title='bbox 1073 3286 1256 3368; x_wconf 83' lang='lat' dir='ltr'><strong>Gorg.</strong></span> <span class='ocrx_word' id='word_1_263' title='bbox 1307 3288 1540 3351; x_wconf 77' lang='lat'>5273:</span> <span class='ocrx_word' id='word_1_264' title='bbox 1603 3276 1852 3363; x_wconf 79' lang='grc' dir='ltr'><strong><em>παντὸς</em></strong></span> <span class='ocrx_word' id='word_1_265' title='bbox 1893 3283 2139 3367; x_wconf 79' lang='grc' dir='ltr'><em>μᾶλλον</em></span> <span class='ocrx_word' id='word_1_266' title='bbox 2179 3274 2363 3373; x_wconf 78' lang='grc' dir='ltr'><em>ἀνδρὶ</em></span> <span class='ocrx_word' id='word_1_267' title='bbox 2405 3285 2781 3375; x_wconf 78' lang='grc' dir='ltr'><em>μελετητέον</em></span> <span class='ocrx_word' id='word_1_268' title='bbox 2828 3276 2906 3352; x_wconf 76' lang='grc' dir='ltr'><strong>οὗ</strong></span> 
     </span>
     <span class='ocr_line' id='line_1_31' title="bbox 455 3379 2897 3481; baseline -0.001 -22"><span class='ocrx_word' id='word_1_269' title='bbox 455 3385 532 3459; x_wconf 85' lang='grc' dir='ltr'><strong>τὸ</strong></span> <span class='ocrx_word' id='word_1_270' title='bbox 577 3394 853 3459; x_wconf 83' lang='grc' dir='ltr'><em>δοκεῖν</em></span> <span class='ocrx_word' id='word_1_271' title='bbox 906 3384 1116 3457; x_wconf 84' lang='grc' dir='ltr'><em>εἶναι</em></span> <span class='ocrx_word' id='word_1_272' title='bbox 1170 3379 1516 3477; x_wconf 67' lang='grc' dir='ltr'><strong><em>ἀγαθόν,</em></strong></span> <span class='ocrx_word' id='word_1_273' title='bbox 1578 3379 1744 3455; x_wconf 72' lang='grc' dir='ltr'><strong>ἀλλὰ</strong></span> <span class='ocrx_word' id='word_1_274' title='bbox 1802 3383 1879 3455; x_wconf 85' lang='grc' dir='ltr'><strong>τὸ</strong></span> <span class='ocrx_word' id='word_1_275' title='bbox 1933 3382 2145 3456; x_wconf 82' lang='grc' dir='ltr'><em>εἶναι</em></span> <span class='ocrx_word' id='word_1_276' title='bbox 2190 3392 2301 3457; x_wconf 80' lang='grc' dir='ltr'><strong>καὶ</strong></span> <span class='ocrx_word' id='word_1_277' title='bbox 2348 3388 2491 3479; x_wconf 81' lang='grc' dir='ltr'><em>ἰδίᾳ</em></span> <span class='ocrx_word' id='word_1_278' title='bbox 2536 3393 2649 3457; x_wconf 83' lang='grc' dir='ltr'><strong>καὶ</strong></span> <span class='ocrx_word' id='word_1_279' title='bbox 2697 3394 2897 3481; x_wconf 77' lang='grc' dir='ltr'><em>δημο-</em></span> 
     </span>
     <span class='ocr_line' id='line_1_32' title="bbox 459 3496 2907 3586; baseline 0 -22"><span class='ocrx_word' id='word_1_280' title='bbox 459 3496 593 3586; x_wconf 81' lang='grc' dir='ltr'><strong><em>σίᾳ.</em></strong></span> <span class='ocrx_word' id='word_1_281' title='bbox 686 3500 916 3565; x_wconf 87' lang='lat' dir='ltr'><strong>Contra</strong></span> <span class='ocrx_word' id='word_1_282' title='bbox 962 3499 1221 3578; x_wconf 84' lang='lat' dir='ltr'><strong>Gorgias</strong></span> <span class='ocrx_word' id='word_1_283' title='bbox 1279 3502 1340 3564; x_wconf 90' lang='lat' dir='ltr'><strong>et</strong></span> <span class='ocrx_word' id='word_1_284' title='bbox 1386 3497 1667 3563; x_wconf 87' lang='lat' dir='ltr'><strong>Callicles</strong></span> <span class='ocrx_word' id='word_1_285' title='bbox 1711 3517 1942 3562; x_wconf 86' lang='lat' dir='ltr'><strong>vanam</strong></span> <span class='ocrx_word' id='word_1_286' title='bbox 1982 3500 2252 3581; x_wconf 88' lang='lat' dir='ltr'><strong>speciem·</strong></span> <span class='ocrx_word' id='word_1_287' title='bbox 2292 3500 2658 3576; x_wconf 81' lang='lat' dir='ltr'><strong>defendunt,</strong></span> <span class='ocrx_word' id='word_1_288' title='bbox 2721 3502 2907 3564; x_wconf 87' lang='lat' dir='ltr'><strong>cuius</strong></span> 
     </span>
     <span class='ocr_line' id='line_1_33' title="bbox 457 3605 2899 3687; baseline 0 -16"><span class='ocrx_word' id='word_1_289' title='bbox 457 3607 812 3671; x_wconf 89' lang='lat' dir='ltr'><strong>efficiendae</strong></span> <span class='ocrx_word' id='word_1_290' title='bbox 877 3606 1248 3670; x_wconf 85' lang='lat' dir='ltr'><strong>rhetoricam</strong></span> <span class='ocrx_word' id='word_1_291' title='bbox 1313 3605 1618 3687; x_wconf 90' lang='lat' dir='ltr'><strong>optimum</strong></span> <span class='ocrx_word' id='word_1_292' title='bbox 1686 3624 1819 3668; x_wconf 89' lang='lat' dir='ltr'><strong>esse</strong></span> <span class='ocrx_word' id='word_1_293' title='bbox 1886 3605 2371 3669; x_wconf 89' lang='lat' dir='ltr'><strong>instrumentum</strong></span> <span class='ocrx_word' id='word_1_294' title='bbox 2434 3610 2701 3670; x_wconf 87' lang='lat' dir='ltr'><strong>censent.</strong></span> <span class='ocrx_word' id='word_1_295' title='bbox 2808 3605 2899 3672; x_wconf 88' lang='lat' dir='ltr'><strong>Cf.</strong></span> 
     </span>
     <span class='ocr_line' id='line_1_34' title="bbox 461 3701 2915 3796; baseline -0 -20"><span class='ocrx_word' id='word_1_296' title='bbox 461 3712 645 3793; x_wconf 82' lang='lat' dir='ltr'><strong>Gorg.</strong></span> <span class='ocrx_word' id='word_1_297' title='bbox 694 3713 821 3776; x_wconf 84' lang='lat'><strong>459</strong></span> <span class='ocrx_word' id='word_1_298' title='bbox 843 3712 895 3775; x_wconf 92' lang='grc' dir='ltr'>Β</span> <span class='ocrx_word' id='word_1_299' title='bbox 961 3711 1152 3792; x_wconf 75' lang='lat' dir='ltr'><strong>(Soet.</strong></span> <span class='ocrx_word' id='word_1_300' title='bbox 1211 3710 1582 3775; x_wconf 77' lang='lat' dir='ltr'><strong>assentiente</strong></span> <span class='ocrx_word' id='word_1_301' title='bbox 1631 3709 1881 3793; x_wconf 78' lang='lat' dir='ltr'><strong>Gorgia)</strong></span> <span class='ocrx_word' id='word_1_302' title='bbox 1939 3701 2217 3796; x_wconf 77' lang='grc' dir='ltr'><strong><em>μηχανὴν</em></strong></span> <span class='ocrx_word' id='word_1_303' title='bbox 2278 3708 2353 3773; x_wconf 81' lang='grc' dir='ltr'><strong>δέ·</strong></span> <span class='ocrx_word' id='word_1_304' title='bbox 2412 3734 2557 3773; x_wconf 88' lang='grc' dir='ltr'><strong><em>τινα</em></strong></span> <span class='ocrx_word' id='word_1_305' title='bbox 2616 3708 2915 3788; x_wconf 72' lang='grc' dir='ltr'><em>πειθσῦς</em></span> 
     </span>
     <span class='ocr_line' id='line_1_35' title="bbox 459 3804 2908 3903; baseline -0.001 -22"><span class='ocrx_word' id='word_1_306' title='bbox 459 3808 815 3903; x_wconf 63' lang='grc' dir='ltr'><em>εὑρηκέναι,</em></span> <span class='ocrx_word' id='word_1_307' title='bbox 879 3805 1044 3879; x_wconf 76' lang='grc' dir='ltr'><strong>ὥστε</strong></span> <span class='ocrx_word' id='word_1_308' title='bbox 1105 3812 1555 3903; x_wconf 70' lang='grc' dir='ltr'><strong><em>φαίνεσθαι</em></strong></span> <span class='ocrx_word' id='word_1_309' title='bbox 1597 3818 1739 3891; x_wconf 86' lang='grc' dir='ltr'><strong>τοῖς</strong></span> <span class='ocrx_word' id='word_1_310' title='bbox 1785 3804 1900 3878; x_wconf 72' lang='grc' dir='ltr'><strong>οὒκ</strong></span> <span class='ocrx_word' id='word_1_311' title='bbox 1943 3806 2155 3880; x_wconf 78' lang='grc' dir='ltr'><em>εἰδόσι</em></span> <span class='ocrx_word' id='word_1_312' title='bbox 2198 3813 2442 3897; x_wconf 82' lang='grc' dir='ltr'><em>μᾶλλον</em></span> <span class='ocrx_word' id='word_1_313' title='bbox 2486 3812 2729 3881; x_wconf 78' lang='grc' dir='ltr'><em>εἰδέναι</em></span> <span class='ocrx_word' id='word_1_314' title='bbox 2773 3814 2908 3881; x_wconf 81' lang='grc' dir='ltr'><strong>τῶν</strong></span> 
     </span>
     <span class='ocr_line' id='line_1_36' title="bbox 456 3908 2915 4008; baseline -0 -21"><span class='ocrx_word' id='word_1_315' title='bbox 456 3915 740 3988; x_wconf 81' lang='grc' dir='ltr'><strong>εἰδότων.</strong></span> <span class='ocrx_word' id='word_1_316' title='bbox 835 3922 882 3987; x_wconf 87' lang='lat' dir='ltr'><strong>C</strong></span> <span class='ocrx_word' id='word_1_317' title='bbox 944 3922 1181 4005; x_wconf 82' lang='lat' dir='ltr'><strong>(Gorg.)</strong></span> <span class='ocrx_word' id='word_1_318' title='bbox 1243 3908 1467 3985; x_wconf 78' lang='grc' dir='ltr'><em>οὗκοῦν</em></span> <span class='ocrx_word' id='word_1_319' title='bbox 1523 3912 1737 4008; x_wconf 82' lang='grc' dir='ltr'><em>πολλὴ</em></span> <span class='ocrx_word' id='word_1_320' title='bbox 1792 3913 2082 4008; x_wconf 74' lang='grc' dir='ltr'><strong><em>ῥᾳστώνη</em></strong></span> <span class='ocrx_word' id='word_1_321' title='bbox 2128 3960 2209 3967; x_wconf 93' lang='grc'>-</span> <span class='ocrx_word' id='word_1_322' title='bbox 2271 3913 2361 4008; x_wconf 79' lang='grc' dir='ltr'><strong>μὴ</strong></span> <span class='ocrx_word' id='word_1_323' title='bbox 2418 3914 2726 4004; x_wconf 69' lang='grc' dir='ltr'><strong><em>μαθόντα</em></strong></span> <span class='ocrx_word' id='word_1_324' title='bbox 2784 3913 2915 3999; x_wconf 76' lang='grc' dir='ltr'><strong>τὰς</strong></span> 
     </span>
     <span class='ocr_line' id='line_1_37' title="bbox 455 4016 2911 4115; baseline -0.001 -22"><span class='ocrx_word' id='word_1_325' title='bbox 455 4016 658 4106; x_wconf 67' lang='grc' dir='ltr'><strong><em>ὅλλας</em></strong></span> <span class='ocrx_word' id='word_1_326' title='bbox 699 4026 924 4110; x_wconf 80' lang='grc' dir='ltr'><strong><em>τέχνας</em></strong></span> <span class='ocrx_word' id='word_1_327' title='bbox 965 4024 1166 4115; x_wconf 75' lang='grc' dir='ltr'><em>μηδὲν</em></span> <span class='ocrx_word' id='word_1_328' title='bbox 1211 4023 1647 4091; x_wconf 69' lang='grc' dir='ltr'><strong><em>ἐλαττοῦσθαι</em></strong></span> <span class='ocrx_word' id='word_1_329' title='bbox 1691 4024 1820 4090; x_wconf 81' lang='grc' dir='ltr'><strong>τῶν</strong></span> <span class='ocrx_word' id='word_1_330' title='bbox 1851 4024 2283 4113; x_wconf 75' lang='grc' dir='ltr'><strong>δημιουργῶνς</strong></span> <span class='ocrx_word' id='word_1_331' title='bbox 2329 4029 2385 4091; x_wconf 92' lang='lat' dir='ltr'>D</span> <span class='ocrx_word' id='word_1_332' title='bbox 2419 4029 2636 4113; x_wconf 80' lang='lat' dir='ltr'><strong>(Scor.)</strong></span> <span class='ocrx_word' id='word_1_333' title='bbox 2670 4019 2911 4091; x_wconf 68' lang='grc' dir='ltr'><em>πειθὼ</em></span> 
     </span>
    </p>
   </div>
   <div class='ocr_carea' id='block_1_6' title="bbox 641 4251 1414 4332">
    <p class='ocr_par' dir='ltr' id='par_1_8' title="bbox 641 4251 1414 4332">
     <span class='ocr_line' id='line_1_38' title="bbox 641 4251 1414 4332; baseline 0.001 -22"><span class='ocrx_word' id='word_1_334' title='bbox 641 4260 681 4329; x_wconf 84' lang='lat'><strong>¹)</strong></span> <span class='ocrx_word' id='word_1_335' title='bbox 717 4265 812 4311; x_wconf 82' lang='grc' dir='ltr'><strong>καί</strong></span> <span class='ocrx_word' id='word_1_336' title='bbox 842 4280 963 4312; x_wconf 81' lang='grc' dir='ltr'><strong><em>τινα</em></strong></span> <span class='ocrx_word' id='word_1_337' title='bbox 1002 4256 1161 4332; x_wconf 71' lang='grc' dir='ltr'><strong>λόγον</strong></span> <span class='ocrx_word' id='word_1_338' title='bbox 1198 4251 1414 4331; x_wconf 66' lang='grc' dir='ltr'><em>ἀφῆκεν.</em></span> 
     </span>
    </p>
   </div>
  </div>
 </body>
</html>
