<?xml version="1.0" encoding="UTF-8"?>
<!DOCTYPE html PUBLIC "-//W3C//DTD XHTML 1.0 Transitional//EN"
    "http://www.w3.org/TR/xhtml1/DTD/xhtml1-transitional.dtd">
<html xmlns="http://www.w3.org/1999/xhtml" xml:lang="en" lang="en">
 <head>
  <title>
</title>
<meta http-equiv="Content-Type" content="text/html;charset=utf-8" />
  <meta name='ocr-system' content='tesseract 3.04.00' />
  <meta name='ocr-capabilities' content='ocr_page ocr_carea ocr_par ocr_line ocrx_word'/>
</head>
<body>
  <div class='ocr_page' id='page_1' title='image "./deironiamenexen00berngoog_0047.png"; bbox 0 0 3250 4700; ppageno 0'>
   <div class='ocr_carea' id='block_1_1' title="bbox 1572 178 1656 240">
    <p class='ocr_par' dir='ltr' id='par_1_1' title="bbox 1572 178 1656 240">
     <span class='ocr_line' id='line_1_1' title="bbox 1572 178 1656 240; baseline 0 0"><span class='ocrx_word' id='word_1_1' title='bbox 1572 178 1656 240; x_wconf 85' lang='lat'><em>39</em></span> 
     </span>
    </p>
   </div>
   <div class='ocr_carea' id='block_1_2' title="bbox 374 374 2839 4289">
    <p class='ocr_par' dir='ltr' id='par_1_2' title="bbox 383 374 2839 4289">
     <span class='ocr_line' id='line_1_2' title="bbox 391 374 2834 474; baseline -0.002 -21"><span class='ocrx_word' id='word_1_2' title='bbox 391 411 460 453; x_wconf 89' lang='grc' dir='ltr'><em>τε</em></span> <span class='ocrx_word' id='word_1_3' title='bbox 518 375 627 474; x_wconf 73' lang='grc' dir='ltr'><em>ὖ’φ</em></span> <span class='ocrx_word' id='word_1_4' title='bbox 675 377 853 474; x_wconf 75' lang='grc' dir='ltr'><em>ἡμῶν</em></span> <span class='ocrx_word' id='word_1_5' title='bbox 899 425 980 432; x_wconf 93' lang='grc'>-</span> <span class='ocrx_word' id='word_1_6' title='bbox 1027 385 1140 450; x_wconf 82' lang='grc' dir='ltr'><em>καὶ</em></span> <span class='ocrx_word' id='word_1_7' title='bbox 1196 381 1291 464; x_wconf 82' lang='grc' dir='ltr'><em>εἰς</em></span> <span class='ocrx_word' id='word_1_8' title='bbox 1352 377 1464 450; x_wconf 88' lang='grc' dir='ltr'><em>τὸν</em></span> <span class='ocrx_word' id='word_1_9' title='bbox 1523 381 1756 450; x_wconf 71' lang='grc' dir='ltr'><em>ἔπειτα</em></span> <span class='ocrx_word' id='word_1_10' title='bbox 1796 377 2019 472; x_wconf 90' lang='grc' dir='ltr'><em>χρόνον</em></span> <span class='ocrx_word' id='word_1_11' title='bbox 2061 375 2194 449; x_wconf 85' lang='grc' dir='ltr'><em>υπὸ</em></span> <span class='ocrx_word' id='word_1_12' title='bbox 2236 383 2365 448; x_wconf 84' lang='grc' dir='ltr'><em>τῶν</em></span> <span class='ocrx_word' id='word_1_13' title='bbox 2408 374 2683 470; x_wconf 70' lang='grc' dir='ltr'><em>ὕστερον.</em></span> <span class='ocrx_word' id='word_1_14' title='bbox 2776 386 2834 449; x_wconf 92' lang='lat' dir='ltr'>D</span> 
     </span>
     <span class='ocr_line' id='line_1_3' title="bbox 391 479 2835 578; baseline -0.001 -22"><span class='ocrx_word' id='word_1_15' title='bbox 391 493 633 558; x_wconf 83' lang='grc' dir='ltr'><em>πολλαὶ</em></span> <span class='ocrx_word' id='word_1_16' title='bbox 688 491 809 575; x_wconf 76' lang='grc' dir='ltr'><em>μὲν</em></span> <span class='ocrx_word' id='word_1_17' title='bbox 861 483 1090 570; x_wconf 78' lang='grc' dir='ltr'><em>πόλεις</em></span> <span class='ocrx_word' id='word_1_18' title='bbox 1136 531 1218 538; x_wconf 88' lang='grc'>-</span> <span class='ocrx_word' id='word_1_19' title='bbox 1263 483 1426 574; x_wconf 83' lang='grc' dir='ltr'><em>μετὰ</em></span> <span class='ocrx_word' id='word_1_20' title='bbox 1485 490 1600 557; x_wconf 82' lang='grc' dir='ltr'><em>τοῦ</em></span> <span class='ocrx_word' id='word_1_21' title='bbox 1642 483 1985 578; x_wconf 79' lang='grc' dir='ltr'><em>βαρβάρου,</em></span> <span class='ocrx_word' id='word_1_22' title='bbox 2036 479 2225 569; x_wconf 86' lang='grc' dir='ltr'><em>αυτὸς</em></span> <span class='ocrx_word' id='word_1_23' title='bbox 2270 490 2361 556; x_wconf 85' lang='grc' dir='ltr'><em>δέ.</em></span> <span class='ocrx_word' id='word_1_24' title='bbox 2453 492 2505 556; x_wconf 88' lang='grc' dir='ltr'>Ε</span> <span class='ocrx_word' id='word_1_25' title='bbox 2553 487 2835 578; x_wconf 78' lang='grc' dir='ltr'><strong><em>σωτηρίᾳ</em></strong></span> 
     </span>
     <span class='ocr_line' id='line_1_4' title="bbox 395 579 2834 688; baseline -0.001 -25"><span class='ocrx_word' id='word_1_26' title='bbox 395 639 476 645; x_wconf 93' lang='lat'><em>——</em></span> <span class='ocrx_word' id='word_1_27' title='bbox 541 597 788 688; x_wconf 76' lang='grc' dir='ltr'><em>φθορᾷ.</em></span> <span class='ocrx_word' id='word_1_28' title='bbox 881 601 946 683; x_wconf 82' lang='grc'>1))</span> <span class='ocrx_word' id='word_1_29' title='bbox 1011 622 1124 662; x_wconf 91' lang='grc' dir='ltr'><em>και</em></span> <span class='ocrx_word' id='word_1_30' title='bbox 1187 579 1372 675; x_wconf 74' lang='grc' dir='ltr'><em>οἶτος</em></span> <span class='ocrx_word' id='word_1_31' title='bbox 1427 595 1547 680; x_wconf 77' lang='grc' dir='ltr'><em>μὲν</em></span> <span class='ocrx_word' id='word_1_32' title='bbox 1604 589 1683 685; x_wconf 79' lang='grc' dir='ltr'><em>δὴ</em></span> <span class='ocrx_word' id='word_1_33' title='bbox 1747 637 1828 644; x_wconf 90' lang='grc'>-</span> <span class='ocrx_word' id='word_1_34' title='bbox 1895 589 2245 685; x_wconf 86' lang='grc' dir='ltr'><em>διηντλήθη</em></span> <span class='ocrx_word' id='word_1_35' title='bbox 2310 587 2345 661; x_wconf 80' lang='grc' dir='ltr'><em>ὃ</em></span> <span class='ocrx_word' id='word_1_36' title='bbox 2402 588 2690 680; x_wconf 88' lang='grc' dir='ltr'><em>πόλεμος</em></span> <span class='ocrx_word' id='word_1_37' title='bbox 2752 635 2834 644; x_wconf 84' lang='grc'><em>--</em></span> 
     </span>
     <span class='ocr_line' id='line_1_5' title="bbox 394 689 2833 793; baseline -0.001 -23"><span class='ocrx_word' id='word_1_38' title='bbox 394 697 641 793; x_wconf 77' lang='grc' dir='ltr'><strong><em>εἰρήνης</em></strong></span> <span class='ocrx_word' id='word_1_39' title='bbox 685 697 777 783; x_wconf 83' lang='grc' dir='ltr'><em>δέ,</em></span> <span class='ocrx_word' id='word_1_40' title='bbox 826 706 1140 786; x_wconf 75' lang='lat' dir='ltr'>adduntur</span> <span class='ocrx_word' id='word_1_41' title='bbox 1182 707 1302 770; x_wconf 76' lang='lat' dir='ltr'>tria</span> <span class='ocrx_word' id='word_1_42' title='bbox 1345 706 1548 788; x_wconf 77' lang='lat' dir='ltr'>paria.</span> <span class='ocrx_word' id='word_1_43' title='bbox 1608 706 1667 788; x_wconf 79' lang='lat' dir='ltr'><em>o)</em></span> <span class='ocrx_word' id='word_1_44' title='bbox 1713 694 1879 790; x_wconf 76' lang='grc' dir='ltr'><em>υπὲρ</em></span> <span class='ocrx_word' id='word_1_45' title='bbox 1926 700 2166 768; x_wconf 76' lang='grc' dir='ltr'><em>ἑαυτῶν</em></span> <span class='ocrx_word' id='word_1_46' title='bbox 2208 727 2278 768; x_wconf 88' lang='grc' dir='ltr'><em>τε</em></span> <span class='ocrx_word' id='word_1_47' title='bbox 2307 703 2420 767; x_wconf 84' lang='grc' dir='ltr'><em>καὶ</em></span> <span class='ocrx_word' id='word_1_48' title='bbox 2449 702 2579 767; x_wconf 83' lang='grc' dir='ltr'><em>τῶν</em></span> <span class='ocrx_word' id='word_1_49' title='bbox 2608 689 2833 768; x_wconf 73' lang='grc' dir='ltr'><em>ἄλλων.</em></span> 
     </span>
     <span class='ocr_line' id='line_1_6' title="bbox 394 801 2839 898; baseline -0.001 -22"><span class='ocrx_word' id='word_1_50' title='bbox 394 815 458 897; x_wconf 83' lang='grc'>(1)</span> <span class='ocrx_word' id='word_1_51' title='bbox 528 807 643 897; x_wconf 86' lang='grc' dir='ltr'><em>εἶρ.</em></span> <span class='ocrx_word' id='word_1_52' title='bbox 693 809 766 875; x_wconf 84' lang='grc' dir='ltr'><em>δέ</em></span> <span class='ocrx_word' id='word_1_53' title='bbox 813 809 1148 898; x_wconf 78' lang='grc' dir='ltr'><em>γενομένης</em></span> <span class='ocrx_word' id='word_1_54' title='bbox 1191 809 1304 874; x_wconf 78' lang='grc' dir='ltr'><em>καὶ</em></span> <span class='ocrx_word' id='word_1_55' title='bbox 1348 809 1462 897; x_wconf 84' lang='grc' dir='ltr'><em>τῆς</em></span> <span class='ocrx_word' id='word_1_56' title='bbox 1506 801 1762 888; x_wconf 85' lang='grc' dir='ltr'><em>πόλεως</em></span> <span class='ocrx_word' id='word_1_57' title='bbox 1806 809 2185 897; x_wconf 81' lang='grc' dir='ltr'><em>τιμωμένης.</em></span> <span class='ocrx_word' id='word_1_58' title='bbox 2290 812 2346 895; x_wconf 81' lang='lat' dir='ltr'><em>e)</em></span> <span class='ocrx_word' id='word_1_59' title='bbox 2416 807 2677 896; x_wconf 85' lang='grc' dir='ltr'><em>πρῶτον</em></span> <span class='ocrx_word' id='word_1_60' title='bbox 2718 807 2839 892; x_wconf 75' lang='grc' dir='ltr'><em>μὲν</em></span> 
     </span>
     <span class='ocr_line' id='line_1_7' title="bbox 393 904 2832 1005; baseline -0 -25"><span class='ocrx_word' id='word_1_61' title='bbox 393 915 595 1005; x_wconf 78' lang='grc' dir='ltr'><em>ζῆλος,</em></span> <span class='ocrx_word' id='word_1_62' title='bbox 643 904 784 981; x_wconf 70' lang='grc' dir='ltr'><em>ἀπὸ</em></span> <span class='ocrx_word' id='word_1_63' title='bbox 831 908 1021 1004; x_wconf 84' lang='grc' dir='ltr'><em>ζήλου</em></span> <span class='ocrx_word' id='word_1_64' title='bbox 1066 914 1139 981; x_wconf 79' lang='grc' dir='ltr'><em>δὲ</em></span> <span class='ocrx_word' id='word_1_65' title='bbox 1186 907 1460 1004; x_wconf 81' lang='grc' dir='ltr'><em>φθόνος.</em></span> <span class='ocrx_word' id='word_1_66' title='bbox 1556 919 1684 981; x_wconf 91' lang='grc'><em>242</em></span> <span class='ocrx_word' id='word_1_67' title='bbox 1710 919 1765 980; x_wconf 88' lang='grc' dir='ltr'><strong>Α</strong></span> <span class='ocrx_word' id='word_1_68' title='bbox 1812 914 2157 1000; x_wconf 86' lang='grc' dir='ltr'><em>συνέβαλον</em></span> <span class='ocrx_word' id='word_1_69' title='bbox 2197 913 2318 998; x_wconf 79' lang='grc' dir='ltr'><em>μὲν</em></span> <span class='ocrx_word' id='word_1_70' title='bbox 2350 955 2431 963; x_wconf 93' lang='lat'>—</span> <span class='ocrx_word' id='word_1_71' title='bbox 2463 907 2832 998; x_wconf 85' lang='grc' dir='ltr'><em>μαχόμενοι,</em></span> 
     </span>
     <span class='ocr_line' id='line_1_8' title="bbox 392 1010 2834 1111; baseline -0 -24"><span class='ocrx_word' id='word_1_72' title='bbox 392 1012 967 1111; x_wconf 62' lang='grc' dir='ltr'><em>ἀμφισβητησίμου</em></span> <span class='ocrx_word' id='word_1_73' title='bbox 1034 1020 1108 1087; x_wconf 80' lang='grc' dir='ltr'><em>δὲ</em></span> <span class='ocrx_word' id='word_1_74' title='bbox 1174 1020 1288 1110; x_wconf 81' lang='grc' dir='ltr'><em>τῆς</em></span> <span class='ocrx_word' id='word_1_75' title='bbox 1349 1013 1574 1109; x_wconf 87' lang='grc' dir='ltr'><em>μάχης.</em></span> <span class='ocrx_word' id='word_1_76' title='bbox 1667 1024 1721 1087; x_wconf 92' lang='grc' dir='ltr'><strong>Β</strong></span> <span class='ocrx_word' id='word_1_77' title='bbox 1793 1017 1856 1087; x_wconf 77' lang='grc' dir='ltr'><em>οἶ</em></span> <span class='ocrx_word' id='word_1_78' title='bbox 1922 1020 2042 1104; x_wconf 76' lang='grc' dir='ltr'><em>μὲν</em></span> <span class='ocrx_word' id='word_1_79' title='bbox 2109 1013 2227 1109; x_wconf 81' lang='grc' dir='ltr'><em>γὰρ</em></span> <span class='ocrx_word' id='word_1_80' title='bbox 2294 1010 2534 1109; x_wconf 69' lang='grc' dir='ltr'><em>ᾤχοντο</em></span> <span class='ocrx_word' id='word_1_81' title='bbox 2596 1061 2699 1102; x_wconf 88' lang='lat'><em>—-‚</em></span> <span class='ocrx_word' id='word_1_82' title='bbox 2772 1017 2834 1086; x_wconf 78' lang='grc' dir='ltr'><em>οὶ</em></span> 
     </span>
     <span class='ocr_line' id='line_1_9' title="bbox 394 1117 2835 1216; baseline -0 -23"><span class='ocrx_word' id='word_1_83' title='bbox 394 1117 751 1216; x_wconf 69' lang='grc' dir='ltr'><em>δ’ἡμέτεροι</em></span> <span class='ocrx_word' id='word_1_84' title='bbox 783 1167 864 1174; x_wconf 93' lang='grc'>-</span> <span class='ocrx_word' id='word_1_85' title='bbox 896 1119 1274 1216; x_wconf 77' lang='grc' dir='ltr'><em>κατήγαγον.</em></span> <span class='ocrx_word' id='word_1_86' title='bbox 1368 1130 1433 1212; x_wconf 89' lang='grc'>1))</span> <span class='ocrx_word' id='word_1_87' title='bbox 1506 1120 1977 1206; x_wconf 78' lang='grc' dir='ltr'><em>καταλιπόντες</em></span> <span class='ocrx_word' id='word_1_88' title='bbox 2009 1118 2109 1205; x_wconf 85' lang='grc' dir='ltr'><em>οἷς</em></span> <span class='ocrx_word' id='word_1_89' title='bbox 2140 1120 2461 1215; x_wconf 74' lang='grc' dir='ltr'><em>ἐβοήθουν</em></span> <span class='ocrx_word' id='word_1_90' title='bbox 2488 1131 2835 1213; x_wconf 78' lang='lat' dir='ltr'><strong>oppositum</strong></span> 
     </span>
     <span class='ocr_line' id='line_1_10' title="bbox 393 1224 2832 1321; baseline -0.001 -21"><span class='ocrx_word' id='word_1_91' title='bbox 393 1241 488 1300; x_wconf 78' lang='lat' dir='ltr'><em>est</em></span> <span class='ocrx_word' id='word_1_92' title='bbox 552 1237 619 1299; x_wconf 89' lang='lat' dir='ltr'><em>in</em></span> <span class='ocrx_word' id='word_1_93' title='bbox 687 1236 964 1317; x_wconf 79' lang='lat' dir='ltr'>sequenti</span> <span class='ocrx_word' id='word_1_94' title='bbox 1031 1237 1346 1300; x_wconf 72' lang='lat' dir='ltr'>enuntiato</span> <span class='ocrx_word' id='word_1_95' title='bbox 1413 1236 1615 1300; x_wconf 83' lang='lat' dir='ltr'>verbis</span> <span class='ocrx_word' id='word_1_96' title='bbox 1712 1226 2256 1320; x_wconf 74' lang='grc' dir='ltr'><em>ἐλευθερώσαντες</em></span> <span class='ocrx_word' id='word_1_97' title='bbox 2328 1224 2429 1312; x_wconf 86' lang='grc' dir='ltr'><em>οἷς</em></span> <span class='ocrx_word' id='word_1_98' title='bbox 2496 1225 2832 1321; x_wconf 71' lang='grc' dir='ltr'><em>ἑβοήθουν.</em></span> 
     </span>
     <span class='ocr_line' id='line_1_11' title="bbox 395 1328 2836 1466; baseline -0.002 -60"><span class='ocrx_word' id='word_1_99' title='bbox 395 1344 451 1425; x_wconf 80' lang='grc' dir='ltr'><em>ο)</em></span> <span class='ocrx_word' id='word_1_100' title='bbox 499 1332 648 1418; x_wconf 77' lang='grc' dir='ltr'><em>τοὺς</em></span> <span class='ocrx_word' id='word_1_101' title='bbox 692 1328 938 1417; x_wconf 74' lang='grc' dir='ltr'><em>ἀδίκως</em></span> <span class='ocrx_word' id='word_1_102' title='bbox 968 1331 1321 1428; x_wconf 67' lang='grc' dir='ltr'><em>φεύγοντας</em></span> <span class='ocrx_word' id='word_1_103' title='bbox 1350 1336 1624 1418; x_wconf 81' lang='grc' dir='ltr'><em>δικαίως</em></span> <span class='ocrx_word' id='word_1_104' title='bbox 1652 1331 2036 1466; x_wconf 75' lang='grc' dir='ltr'><em>κατήγαγον.</em></span> <span class='ocrx_word' id='word_1_105' title='bbox 2124 1341 2187 1426; x_wconf 82' lang='grc'>(1)</span> <span class='ocrx_word' id='word_1_106' title='bbox 2224 1329 2523 1427; x_wconf 52' lang='grc' dir='ltr'><em>(Έλλησιν</em></span> <span class='ocrx_word' id='word_1_107' title='bbox 2556 1378 2636 1387; x_wconf 92' lang='lat'><em>——</em></span> <span class='ocrx_word' id='word_1_108' title='bbox 2669 1331 2836 1424; x_wconf 86' lang='grc' dir='ltr'><em>πρὸς</em></span> 
     </span>
     <span class='ocr_line' id='line_1_12' title="bbox 384 1435 2835 1535; baseline -0.001 -25"><span class='ocrx_word' id='word_1_109' title='bbox 384 1437 710 1534; x_wconf 52' lang='grc' dir='ltr'><em>(Έλληνας.</em></span> <span class='ocrx_word' id='word_1_110' title='bbox 805 1448 862 1510; x_wconf 92' lang='lat' dir='ltr'>D</span> <span class='ocrx_word' id='word_1_111' title='bbox 908 1437 1078 1532; x_wconf 87' lang='grc' dir='ltr'><em>πρὸς</em></span> <span class='ocrx_word' id='word_1_112' title='bbox 1120 1442 1240 1528; x_wconf 78' lang='grc' dir='ltr'><em>μὲν</em></span> <span class='ocrx_word' id='word_1_113' title='bbox 1281 1437 1356 1509; x_wconf 88' lang='grc' dir='ltr'><em>τὸ</em></span> <span class='ocrx_word' id='word_1_114' title='bbox 1405 1435 1732 1535; x_wconf 76' lang='grc' dir='ltr'><em>ομόφιλον</em></span> <span class='ocrx_word' id='word_1_115' title='bbox 1757 1446 1942 1533; x_wconf 80' lang='grc' dir='ltr'><em>μέχρι</em></span> <span class='ocrx_word' id='word_1_116' title='bbox 1973 1442 2152 1533; x_wconf 78' lang='grc' dir='ltr'><em>νίκης</em></span> <span class='ocrx_word' id='word_1_117' title='bbox 2182 1447 2315 1512; x_wconf 87' lang='grc' dir='ltr'><em>δεῖν</em></span> <span class='ocrx_word' id='word_1_118' title='bbox 2344 1446 2654 1528; x_wconf 88' lang='grc' dir='ltr'><em>πολειιεῖν</em></span> <span class='ocrx_word' id='word_1_119' title='bbox 2698 1443 2835 1529; x_wconf 84' lang='grc' dir='ltr'><em>(καὶ</em></span> 
     </span>
     <span class='ocr_line' id='line_1_13' title="bbox 393 1543 2833 1640; baseline -0.001 -24"><span class='ocrx_word' id='word_1_120' title='bbox 393 1545 482 1640; x_wconf 80' lang='grc' dir='ltr'><em>μὴ</em></span> <span class='ocrx_word' id='word_1_121' title='bbox 530 1591 611 1599; x_wconf 89' lang='lat'><em>—-</em></span> <span class='ocrx_word' id='word_1_122' title='bbox 661 1544 1004 1631; x_wconf 76' lang='grc' dir='ltr'><em>διολλίναι,</em></span> <span class='ocrx_word' id='word_1_123' title='bbox 1051 1546 1228 1616; x_wconf 77' lang='grc' dir='ltr'><em>ἰδίαν</em></span> <span class='ocrx_word' id='word_1_124' title='bbox 1274 1590 1355 1599; x_wconf 88' lang='lat'><em>·—</em></span> <span class='ocrx_word' id='word_1_125' title='bbox 1403 1543 1676 1638; x_wconf 79' lang='grc' dir='ltr'><em>κοινόι),</em></span> <span class='ocrx_word' id='word_1_126' title='bbox 1723 1543 1891 1638; x_wconf 87' lang='grc' dir='ltr'><em>πρὸς</em></span> <span class='ocrx_word' id='word_1_127' title='bbox 1937 1549 2010 1616; x_wconf 82' lang='grc' dir='ltr'><em>δέ</em></span> <span class='ocrx_word' id='word_1_128' title='bbox 2053 1544 2203 1630; x_wconf 80' lang='grc' dir='ltr'><em>τοὺς</em></span> <span class='ocrx_word' id='word_1_129' title='bbox 2244 1543 2606 1639; x_wconf 74' lang='grc' dir='ltr'><em>βαρβάρους</em></span> <span class='ocrx_word' id='word_1_130' title='bbox 2646 1550 2833 1637; x_wconf 86' lang='grc' dir='ltr'><em>μέχρι</em></span> 
     </span>
     <span class='ocr_line' id='line_1_14' title="bbox 397 1653 2832 1745; baseline -0.001 -23"><span class='ocrx_word' id='word_1_131' title='bbox 397 1656 795 1745; x_wconf 79' lang='grc' dir='ltr'><em>διαφθορᾶς.</em></span> <span class='ocrx_word' id='word_1_132' title='bbox 890 1661 1018 1722; x_wconf 86' lang='grc'><em>243</em></span> <span class='ocrx_word' id='word_1_133' title='bbox 1064 1660 1119 1721; x_wconf 89' lang='grc' dir='ltr'><strong>Α</strong></span> <span class='ocrx_word' id='word_1_134' title='bbox 1181 1681 1268 1722; x_wconf 91' lang='grc' dir='ltr'><em>ων</em></span> <span class='ocrx_word' id='word_1_135' title='bbox 1314 1680 1375 1722; x_wconf 93' lang='grc' dir='ltr'><em>οι</em></span> <span class='ocrx_word' id='word_1_136' title='bbox 1424 1655 1653 1745; x_wconf 79' lang='grc' dir='ltr'><em>ἐχθροὶ</em></span> <span class='ocrx_word' id='word_1_137' title='bbox 1703 1697 1784 1705; x_wconf 93' lang='lat'>—</span> <span class='ocrx_word' id='word_1_138' title='bbox 1832 1655 2041 1723; x_wconf 90' lang='grc' dir='ltr'><em>πλείω</em></span> <span class='ocrx_word' id='word_1_139' title='bbox 2088 1653 2358 1723; x_wconf 72' lang='grc' dir='ltr'><em>ἔπαινον</em></span> <span class='ocrx_word' id='word_1_140' title='bbox 2402 1653 2617 1738; x_wconf 69' lang='grc' dir='ltr'><em>ἔχοισι</em></span> <span class='ocrx_word' id='word_1_141' title='bbox 2665 1695 2747 1704; x_wconf 90' lang='lat'><em>-—</em></span> <span class='ocrx_word' id='word_1_142' title='bbox 2794 1681 2832 1744; x_wconf 93' lang='grc' dir='ltr'><em>η</em></span> 
     </span>
     <span class='ocr_line' id='line_1_15' title="bbox 391 1751 2831 1851; baseline -0 -23"><span class='ocrx_word' id='word_1_143' title='bbox 391 1761 520 1828; x_wconf 80' lang='grc' dir='ltr'><em>τῶν</em></span> <span class='ocrx_word' id='word_1_144' title='bbox 577 1751 786 1828; x_wconf 73' lang='grc' dir='ltr'><em>ἄλλων</em></span> <span class='ocrx_word' id='word_1_145' title='bbox 844 1787 906 1828; x_wconf 90' lang='grc' dir='ltr'><em>οι</em></span> <span class='ocrx_word' id='word_1_146' title='bbox 967 1761 1170 1851; x_wconf 81' lang='grc' dir='ltr'><em>φίλοι.</em></span> <span class='ocrx_word' id='word_1_147' title='bbox 1265 1763 1312 1829; x_wconf 84' lang='lat' dir='ltr'>C</span> <span class='ocrx_word' id='word_1_148' title='bbox 1361 1755 1729 1851; x_wconf 84' lang='grc' dir='ltr'><em>νικήσαντες</em></span> <span class='ocrx_word' id='word_1_149' title='bbox 1781 1761 1902 1846; x_wconf 76' lang='grc' dir='ltr'><em>μὲν</em></span> <span class='ocrx_word' id='word_1_150' title='bbox 1957 1787 2105 1842; x_wconf 88' lang='grc' dir='ltr'><em>τους</em></span> <span class='ocrx_word' id='word_1_151' title='bbox 2163 1760 2544 1846; x_wconf 78' lang='grc' dir='ltr'><em>πολεμίους,</em></span> <span class='ocrx_word' id='word_1_152' title='bbox 2590 1769 2597 1847; x_wconf 90' lang='grc' dir='ltr'>Ι</span> <span class='ocrx_word' id='word_1_153' title='bbox 2636 1755 2831 1827; x_wconf 84' lang='grc' dir='ltr'><em>λυσά-</em></span> 
     </span>
     <span class='ocr_line' id='line_1_16' title="bbox 393 1858 2837 1957; baseline 0 -25"><span class='ocrx_word' id='word_1_154' title='bbox 393 1892 575 1952; x_wconf 83' lang='grc' dir='ltr'><em>μενοι</em></span> <span class='ocrx_word' id='word_1_155' title='bbox 619 1867 692 1934; x_wconf 80' lang='grc' dir='ltr'><em>δέ</em></span> <span class='ocrx_word' id='word_1_156' title='bbox 735 1860 884 1946; x_wconf 71' lang='grc' dir='ltr'><em>τοὺς</em></span> <span class='ocrx_word' id='word_1_157' title='bbox 929 1865 1204 1957; x_wconf 81' lang='grc' dir='ltr'><em>φιλίους.</em></span> <span class='ocrx_word' id='word_1_158' title='bbox 1297 1871 1354 1933; x_wconf 92' lang='lat' dir='ltr'>D</span> <span class='ocrx_word' id='word_1_159' title='bbox 1401 1871 1461 1952; x_wconf 84' lang='lat' dir='ltr'><em>a)</em></span> <span class='ocrx_word' id='word_1_160' title='bbox 1507 1867 1585 1956; x_wconf 78' lang='grc' dir='ltr'><em>τῇ</em></span> <span class='ocrx_word' id='word_1_161' title='bbox 1629 1867 1749 1952; x_wconf 76' lang='grc' dir='ltr'><em>μέν</em></span> <span class='ocrx_word' id='word_1_162' title='bbox 1793 1862 1912 1957; x_wconf 81' lang='grc' dir='ltr'><em>γὰρ</em></span> <span class='ocrx_word' id='word_1_163' title='bbox 1952 1866 2210 1934; x_wconf 77' lang='grc' dir='ltr'><em>ἐκείνων</em></span> <span class='ocrx_word' id='word_1_164' title='bbox 2238 1858 2427 1956; x_wconf 73' lang='grc' dir='ltr'><em>ἀρετῇ</em></span> <span class='ocrx_word' id='word_1_165' title='bbox 2460 1860 2837 1956; x_wconf 78' lang='grc' dir='ltr'><em>ἐνικήσαμεν</em></span> 
     </span>
     <span class='ocr_line' id='line_1_17' title="bbox 395 1963 2829 2062; baseline -0 -23"><span class='ocrx_word' id='word_1_166' title='bbox 395 1963 494 2058; x_wconf 77' lang='grc' dir='ltr'><em>(οὗ</em></span> <span class='ocrx_word' id='word_1_167' title='bbox 552 1967 746 2057; x_wconf 90' lang='grc' dir='ltr'><em>μόνον</em></span> <span class='ocrx_word' id='word_1_168' title='bbox 802 1965 914 2062; x_wconf 78' lang='grc' dir='ltr'><em>τὴν</em></span> <span class='ocrx_word' id='word_1_169' title='bbox 964 1967 1110 2039; x_wconf 90' lang='grc' dir='ltr'><em>τότε</em></span> <span class='ocrx_word' id='word_1_170' title='bbox 1169 1972 1548 2058; x_wconf 84' lang='grc' dir='ltr'><em>ναυμαχίαν,</em></span> <span class='ocrx_word' id='word_1_171' title='bbox 1612 1965 1777 2040; x_wconf 75' lang='grc' dir='ltr'><em>ἀλλὰ</em></span> <span class='ocrx_word' id='word_1_172' title='bbox 1834 1975 1946 2040; x_wconf 79' lang='grc' dir='ltr'><em>καὶ</em></span> <span class='ocrx_word' id='word_1_173' title='bbox 2004 1968 2114 2040; x_wconf 86' lang='grc' dir='ltr'><em>τὸν</em></span> <span class='ocrx_word' id='word_1_174' title='bbox 2156 1963 2350 2040; x_wconf 66' lang='grc' dir='ltr'><em>α’λλον</em></span> <span class='ocrx_word' id='word_1_175' title='bbox 2390 1967 2699 2059; x_wconf 88' lang='grc' dir='ltr'><em>πόλεμον)</em></span> <span class='ocrx_word' id='word_1_176' title='bbox 2750 2013 2829 2021; x_wconf 90' lang='lat'><em>-—-</em></span> 
     </span>
     <span class='ocr_line' id='line_1_18' title="bbox 391 2068 2828 2170; baseline -0 -25"><span class='ocrx_word' id='word_1_177' title='bbox 391 2079 467 2168; x_wconf 81' lang='grc' dir='ltr'><em>τῇ</em></span> <span class='ocrx_word' id='word_1_178' title='bbox 525 2079 598 2145; x_wconf 79' lang='grc' dir='ltr'><em>δὲ</em></span> <span class='ocrx_word' id='word_1_179' title='bbox 652 2071 927 2168; x_wconf 78' lang='grc' dir='ltr'><em>ημετέρᾳ</em></span> <span class='ocrx_word' id='word_1_180' title='bbox 972 2069 1178 2145; x_wconf 68' lang='grc' dir='ltr'><em>αὐτῶν</em></span> <span class='ocrx_word' id='word_1_181' title='bbox 1223 2079 1510 2169; x_wconf 79' lang='grc' dir='ltr'><em>διαφορᾷ</em></span> <span class='ocrx_word' id='word_1_182' title='bbox 1555 2074 2001 2170; x_wconf 67' lang='grc' dir='ltr'><em>ἐκρατήθημεν</em></span> <span class='ocrx_word' id='word_1_183' title='bbox 2047 2070 2184 2165; x_wconf 81' lang='grc' dir='ltr'><em>(ουχ</em></span> <span class='ocrx_word' id='word_1_184' title='bbox 2229 2072 2361 2146; x_wconf 62' lang='grc' dir='ltr'><em>ὑπὸ</em></span> <span class='ocrx_word' id='word_1_185' title='bbox 2405 2080 2532 2145; x_wconf 80' lang='grc' dir='ltr'><em>τῶν</em></span> <span class='ocrx_word' id='word_1_186' title='bbox 2574 2068 2828 2164; x_wconf 71' lang='grc' dir='ltr'><em>ἄλλων.)</em></span> 
     </span>
     <span class='ocr_line' id='line_1_19' title="bbox 393 2175 2831 2274; baseline 0 -23"><span class='ocrx_word' id='word_1_187' title='bbox 393 2190 455 2273; x_wconf 87' lang='lat' dir='ltr'><em>b)</em></span> <span class='ocrx_word' id='word_1_188' title='bbox 518 2175 820 2274; x_wconf 85' lang='grc' dir='ltr'><em>αήττητοι</em></span> <span class='ocrx_word' id='word_1_189' title='bbox 886 2210 1005 2273; x_wconf 89' lang='grc' dir='ltr'><em>γαρ</em></span> <span class='ocrx_word' id='word_1_190' title='bbox 1079 2182 1176 2252; x_wconf 75' lang='grc' dir='ltr'><em>ἔτι</em></span> <span class='ocrx_word' id='word_1_191' title='bbox 1249 2186 1361 2251; x_wconf 84' lang='grc' dir='ltr'><em>καὶ</em></span> <span class='ocrx_word' id='word_1_192' title='bbox 1432 2185 1534 2252; x_wconf 71' lang='grc' dir='ltr'><em>νῦν</em></span> <span class='ocrx_word' id='word_1_193' title='bbox 1603 2178 1737 2251; x_wconf 88' lang='grc' dir='ltr'><em>υπό</em></span> <span class='ocrx_word' id='word_1_194' title='bbox 1794 2211 1864 2272; x_wconf 89' lang='grc' dir='ltr'><em>γε</em></span> <span class='ocrx_word' id='word_1_195' title='bbox 1926 2184 2185 2252; x_wconf 87' lang='grc' dir='ltr'><em>ἐκείνων</em></span> <span class='ocrx_word' id='word_1_196' title='bbox 2243 2186 2452 2270; x_wconf 84' lang='grc' dir='ltr'><em>ἐσμέν,</em></span> <span class='ocrx_word' id='word_1_197' title='bbox 2516 2177 2700 2274; x_wconf 84' lang='grc' dir='ltr'><em>ημεῖς</em></span> <span class='ocrx_word' id='word_1_198' title='bbox 2758 2184 2831 2251; x_wconf 76' lang='grc' dir='ltr'><em>δὲ</em></span> 
     </span>
     <span class='ocr_line' id='line_1_20' title="bbox 393 2280 2836 2383; baseline 0 -26"><span class='ocrx_word' id='word_1_199' title='bbox 393 2282 576 2359; x_wconf 70' lang='grc' dir='ltr'><em>αι’ντοὶ</em></span> <span class='ocrx_word' id='word_1_200' title='bbox 633 2284 802 2381; x_wconf 80' lang='grc' dir='ltr'><em>ημᾶς</em></span> <span class='ocrx_word' id='word_1_201' title='bbox 846 2280 1074 2371; x_wconf 61' lang='grc' dir='ltr'><em>αὐτους</em></span> <span class='ocrx_word' id='word_1_202' title='bbox 1117 2292 1228 2358; x_wconf 86' lang='grc' dir='ltr'><em>καὶ</em></span> <span class='ocrx_word' id='word_1_203' title='bbox 1278 2285 1657 2382; x_wconf 80' lang='grc' dir='ltr'><em>ἐνικήσαμεν</em></span> <span class='ocrx_word' id='word_1_204' title='bbox 1699 2295 1812 2358; x_wconf 80' lang='grc' dir='ltr'><em>καὶ</em></span> <span class='ocrx_word' id='word_1_205' title='bbox 1856 2287 2241 2383; x_wconf 84' lang='grc' dir='ltr'><em>ηττήθημεν.</em></span> <span class='ocrx_word' id='word_1_206' title='bbox 2336 2297 2465 2359; x_wconf 92' lang='grc'><em>244</em></span> <span class='ocrx_word' id='word_1_207' title='bbox 2511 2295 2563 2359; x_wconf 87' lang='grc' dir='ltr'><strong>Β</strong></span> <span class='ocrx_word' id='word_1_208' title='bbox 2614 2296 2687 2379; x_wconf 79' lang='lat' dir='ltr'><em>a)</em></span> <span class='ocrx_word' id='word_1_209' title='bbox 2749 2285 2836 2357; x_wconf 79' lang='grc' dir='ltr'><em>ὡν</em></span> 
     </span>
     <span class='ocr_line' id='line_1_21' title="bbox 389 2388 2835 2487; baseline -0 -23"><span class='ocrx_word' id='word_1_210' title='bbox 389 2388 446 2464; x_wconf 70' lang='grc' dir='ltr'><em>τ’</em></span> <span class='ocrx_word' id='word_1_211' title='bbox 453 2392 854 2487; x_wconf 80' lang='grc' dir='ltr'><em>ἐποιήσαμεν</em></span> <span class='ocrx_word' id='word_1_212' title='bbox 898 2424 987 2464; x_wconf 89' lang='grc' dir='ltr'><em>ων</em></span> <span class='ocrx_word' id='word_1_213' title='bbox 1031 2424 1070 2463; x_wconf 95' lang='grc' dir='ltr'><em>τ</em></span> <span class='ocrx_word' id='word_1_214' title='bbox 1071 2388 1456 2483; x_wconf 57' lang='lat' dir='ltr'><em>&#39;gno&#39;tstopoem</em></span> <span class='ocrx_word' id='word_1_215' title='bbox 1549 2404 1613 2487; x_wconf 94' lang='grc'>1))</span> <span class='ocrx_word' id='word_1_216' title='bbox 1662 2405 1803 2478; x_wconf 89' lang='grc' dir='ltr'><em>τοῖς</em></span> <span class='ocrx_word' id='word_1_217' title='bbox 1843 2399 1964 2483; x_wconf 75' lang='grc' dir='ltr'><em>μὲν</em></span> <span class='ocrx_word' id='word_1_218' title='bbox 1993 2392 2345 2487; x_wconf 83' lang='grc' dir='ltr'><em>βαρβάροις</em></span> <span class='ocrx_word' id='word_1_219' title='bbox 2374 2421 2524 2485; x_wconf 92' lang='grc' dir='ltr'><em>συγ</em></span> <span class='ocrx_word' id='word_1_220' title='bbox 2538 2424 2835 2485; x_wconf 74' lang='grc' dir='ltr'><em>γιγνω-</em></span> 
     </span>
     <span class='ocr_line' id='line_1_22' title="bbox 391 2495 2836 2595; baseline 0.001 -29"><span class='ocrx_word' id='word_1_221' title='bbox 391 2526 740 2584; x_wconf 85' lang='grc' dir='ltr'><em>σκουσα,</em></span> <span class='ocrx_word' id='word_1_222' title='bbox 791 2495 920 2570; x_wconf 83' lang='grc' dir='ltr'><em>ὅτι</em></span> <span class='ocrx_word' id='word_1_223' title='bbox 961 2497 1396 2584; x_wconf 89' lang='grc' dir='ltr'><em>παθόντες</em></span> <span class='ocrx_word' id='word_1_224' title='bbox 1439 2495 1561 2571; x_wconf 72' lang='grc' dir='ltr'><em>ἱπ</em></span> <span class='ocrx_word' id='word_1_225' title='bbox 1595 2495 1837 2595; x_wconf 76' lang='grc' dir='ltr'><em>αὐτῆς</em></span> <span class='ocrx_word' id='word_1_226' title='bbox 1880 2504 2146 2584; x_wconf 79' lang='grc' dir='ltr'><em>κακῶς</em></span> <span class='ocrx_word' id='word_1_227' title='bbox 2190 2501 2427 2583; x_wconf 77' lang='grc' dir='ltr'><em>ικανιῦς</em></span> <span class='ocrx_word' id='word_1_228' title='bbox 2460 2529 2573 2571; x_wconf 83' lang='grc' dir='ltr'><em>ουκ</em></span> <span class='ocrx_word' id='word_1_229' title='bbox 2606 2503 2836 2583; x_wconf 81' lang='grc' dir='ltr'><em>ἐνδεῶς</em></span> 
     </span>
     <span class='ocr_line' id='line_1_23' title="bbox 391 2597 2836 2699; baseline 0 -25.001"><span class='ocrx_word' id='word_1_230' title='bbox 391 2635 722 2698; x_wconf 81' lang='grc' dir='ltr'><em>ημυναντο,</em></span> <span class='ocrx_word' id='word_1_231' title='bbox 767 2615 775 2695; x_wconf 89' lang='grc' dir='ltr'>Ι</span> <span class='ocrx_word' id='word_1_232' title='bbox 815 2616 956 2689; x_wconf 82' lang='grc' dir='ltr'><em>τοῖς</em></span> <span class='ocrx_word' id='word_1_233' title='bbox 1001 2610 1075 2677; x_wconf 84' lang='grc' dir='ltr'><em>δέ</em></span> <span class='ocrx_word' id='word_1_234' title='bbox 1120 2602 1418 2699; x_wconf 49' lang='grc' dir='ltr'><em>(Ἑλλησιν</em></span> <span class='ocrx_word' id='word_1_235' title='bbox 1475 2600 2089 2698; x_wconf 81' lang='grc' dir='ltr'><em>αγανακτοῦσα,</em></span> <span class='ocrx_word' id='word_1_236' title='bbox 2148 2611 2537 2699; x_wconf 82' lang='grc' dir='ltr'><em>μεμνημένη,</em></span> <span class='ocrx_word' id='word_1_237' title='bbox 2598 2602 2700 2689; x_wconf 73' lang='grc' dir='ltr'><em>(ὃς</em></span> <span class='ocrx_word' id='word_1_238' title='bbox 2751 2597 2836 2676; x_wconf 70' lang='grc' dir='ltr'><em>εὖ</em></span> 
     </span>
     <span class='ocr_line' id='line_1_24' title="bbox 391 2706 2835 2805; baseline 0 -25"><span class='ocrx_word' id='word_1_239' title='bbox 391 2709 814 2795; x_wconf 86' lang='grc' dir='ltr'><em>παθόντες</em></span> <span class='ocrx_word' id='word_1_240' title='bbox 881 2706 1008 2781; x_wconf 72' lang='grc' dir='ltr'><em>υπ’</em></span> <span class='ocrx_word' id='word_1_241' title='bbox 1070 2706 1317 2805; x_wconf 81' lang='grc' dir='ltr'><em>αυτῆς</em></span> <span class='ocrx_word' id='word_1_242' title='bbox 1375 2720 1516 2783; x_wconf 82' lang='grc' dir='ltr'><em>οἵαν</em></span> <span class='ocrx_word' id='word_1_243' title='bbox 1579 2710 1762 2804; x_wconf 83' lang='grc' dir='ltr'><em>χάριν</em></span> <span class='ocrx_word' id='word_1_244' title='bbox 1819 2707 2173 2784; x_wconf 73' lang='grc' dir='ltr'><em>ἀπέδοσαν.</em></span> <span class='ocrx_word' id='word_1_245' title='bbox 2267 2721 2326 2804; x_wconf 79' lang='grc' dir='ltr'><em>ο)</em></span> <span class='ocrx_word' id='word_1_246' title='bbox 2386 2710 2504 2795; x_wconf 88' lang='grc' dir='ltr'><em>τάς</em></span> <span class='ocrx_word' id='word_1_247' title='bbox 2557 2740 2627 2782; x_wconf 92' lang='grc' dir='ltr'><em>τε</em></span> <span class='ocrx_word' id='word_1_248' title='bbox 2686 2742 2835 2795; x_wconf 83' lang='grc' dir='ltr'><em>ναις</em></span> 
     </span>
     <span class='ocr_line' id='line_1_25' title="bbox 389 2812 2831 2911; baseline 0.001 -26"><span class='ocrx_word' id='word_1_249' title='bbox 389 2815 864 2910; x_wconf 83' lang='grc' dir='ltr'><em>περιελόμενοι,</em></span> <span class='ocrx_word' id='word_1_250' title='bbox 935 2824 1011 2887; x_wconf 80' lang='grc' dir='ltr'><em>αἵ</em></span> <span class='ocrx_word' id='word_1_251' title='bbox 1066 2812 1220 2888; x_wconf 70' lang='grc' dir='ltr'><em>ποτ’</em></span> <span class='ocrx_word' id='word_1_252' title='bbox 1268 2818 1546 2902; x_wconf 87' lang='grc' dir='ltr'><em>ἐκείνοις</em></span> <span class='ocrx_word' id='word_1_253' title='bbox 1591 2821 1876 2903; x_wconf 73' lang='grc' dir='ltr'><em>ἔσωσαν,</em></span> <span class='ocrx_word' id='word_1_254' title='bbox 1938 2824 2051 2889; x_wconf 82' lang='grc' dir='ltr'><em>καὶ</em></span> <span class='ocrx_word' id='word_1_255' title='bbox 2096 2820 2271 2911; x_wconf 87' lang='grc' dir='ltr'><em>τείχη</em></span> <span class='ocrx_word' id='word_1_256' title='bbox 2316 2815 2705 2901; x_wconf 84' lang='grc' dir='ltr'><em>καθελόντες</em></span> <span class='ocrx_word' id='word_1_257' title='bbox 2750 2863 2831 2870; x_wconf 93' lang='lat'>—</span> 
     </span>
     <span class='ocr_line' id='line_1_26' title="bbox 396 2921 2836 3018; baseline 0 -26"><span class='ocrx_word' id='word_1_258' title='bbox 396 2921 806 3011; x_wconf 80' lang='grc' dir='ltr'><em>ἐκωλίσαμεν</em></span> <span class='ocrx_word' id='word_1_259' title='bbox 868 2933 1111 2993; x_wconf 88' lang='grc' dir='ltr'><em>πεσεῖν.</em></span> <span class='ocrx_word' id='word_1_260' title='bbox 1207 2930 1253 2995; x_wconf 85' lang='grc' dir='ltr'>Ο</span> <span class='ocrx_word' id='word_1_261' title='bbox 1317 2953 1466 3007; x_wconf 76' lang='grc' dir='ltr'><em>τους</em></span> <span class='ocrx_word' id='word_1_262' title='bbox 1529 2928 1651 3012; x_wconf 78' lang='grc' dir='ltr'><em>μὲν</em></span> <span class='ocrx_word' id='word_1_263' title='bbox 1714 2928 1828 3018; x_wconf 77' lang='grc' dir='ltr'><em>τῆς</em></span> <span class='ocrx_word' id='word_1_264' title='bbox 1896 2926 2383 3016; x_wconf 87' lang='grc' dir='ltr'><em>ἐλευθερίας</em></span> <span class='ocrx_word' id='word_1_265' title='bbox 2450 2922 2836 3016; x_wconf 66' lang='grc' dir='ltr'><em>ἐπικουροινς</em></span> 
     </span>
     <span class='ocr_line' id='line_1_27' title="bbox 393 3024 2829 3124; baseline 0 -27"><span class='ocrx_word' id='word_1_266' title='bbox 393 3034 814 3099; x_wconf 78' lang='grc' dir='ltr'><em>πεπτωκέναι</em></span> <span class='ocrx_word' id='word_1_267' title='bbox 881 3025 1119 3123; x_wconf 78' lang='grc' dir='ltr'><em>ἡμᾶς,</em></span> <span class='ocrx_word' id='word_1_268' title='bbox 1191 3035 1588 3123; x_wconf 82' lang='grc' dir='ltr'><em>σφέτερον</em></span> <span class='ocrx_word' id='word_1_269' title='bbox 1657 3034 1730 3101; x_wconf 83' lang='grc' dir='ltr'><em>δὲ</em></span> <span class='ocrx_word' id='word_1_270' title='bbox 1786 3024 1906 3124; x_wconf 70' lang='grc' dir='ltr'><em>ἤδη</em></span> <span class='ocrx_word' id='word_1_271' title='bbox 1966 3032 2147 3123; x_wconf 74' lang='grc' dir='ltr'><em>ἔργον</em></span> <span class='ocrx_word' id='word_1_272' title='bbox 2201 3028 2367 3100; x_wconf 83' lang='grc' dir='ltr'><em>εἶναι</em></span> <span class='ocrx_word' id='word_1_273' title='bbox 2423 3037 2829 3101; x_wconf 76' lang='grc' dir='ltr'><em>καταδου-</em></span> 
     </span>
     <span class='ocr_line' id='line_1_28' title="bbox 389 3128 2830 3230; baseline 0.001 -27"><span class='ocrx_word' id='word_1_274' title='bbox 389 3138 764 3205; x_wconf 72' lang='grc' dir='ltr'><em>λοῦσθαι</em></span> <span class='ocrx_word' id='word_1_275' title='bbox 822 3134 971 3218; x_wconf 70' lang='grc' dir='ltr'><em>τοὺς</em></span> <span class='ocrx_word' id='word_1_276' title='bbox 1029 3128 1275 3218; x_wconf 64' lang='grc' dir='ltr'><em>ἅλλους.</em></span> <span class='ocrx_word' id='word_1_277' title='bbox 1370 3145 1496 3206; x_wconf 83' lang='grc'><em>245</em></span> <span class='ocrx_word' id='word_1_278' title='bbox 1542 3145 1597 3207; x_wconf 90' lang='grc' dir='ltr'><strong>Α</strong></span> <span class='ocrx_word' id='word_1_279' title='bbox 1644 3133 1792 3219; x_wconf 72' lang='grc' dir='ltr'><em>τοὺς</em></span> <span class='ocrx_word' id='word_1_280' title='bbox 1848 3140 1969 3225; x_wconf 77' lang='grc' dir='ltr'><em>μὲν</em></span> <span class='ocrx_word' id='word_1_281' title='bbox 1999 3132 2305 3229; x_wconf 75' lang='grc' dir='ltr'><em>Ἕλληνας</em></span> <span class='ocrx_word' id='word_1_282' title='bbox 2350 3130 2506 3230; x_wconf 73' lang='grc' dir='ltr'><em>αὕτη</em></span> <span class='ocrx_word' id='word_1_283' title='bbox 2553 3182 2634 3189; x_wconf 93' lang='lat'><em>——</em></span> <span class='ocrx_word' id='word_1_284' title='bbox 2681 3142 2830 3207; x_wconf 71' lang='lat'><em>601·-</em></span> 
     </span>
     <span class='ocr_line' id='line_1_29' title="bbox 391 3235 2834 3335; baseline 0 -25"><span class='ocrx_word' id='word_1_285' title='bbox 391 3243 569 3324; x_wconf 90' lang='grc' dir='ltr'><em>λείας</em></span> <span class='ocrx_word' id='word_1_286' title='bbox 626 3235 805 3329; x_wconf 56' lang='grc' dir='ltr'><em>(ιῖἷστ)</em></span> <span class='ocrx_word' id='word_1_287' title='bbox 854 3245 1234 3334; x_wconf 82' lang='grc' dir='ltr'><em>ἐλευθέρους</em></span> <span class='ocrx_word' id='word_1_288' title='bbox 1277 3287 1363 3295; x_wconf 89' lang='grc'>-</span> <span class='ocrx_word' id='word_1_289' title='bbox 1407 3240 2022 3333; x_wconf 83' lang='grc' dir='ltr'><em>κατεδουλώσαντο),</em></span> <span class='ocrx_word' id='word_1_290' title='bbox 2081 3248 2340 3331; x_wconf 90' lang='grc' dir='ltr'><em>βασιλεῖ</em></span> <span class='ocrx_word' id='word_1_291' title='bbox 2394 3246 2469 3313; x_wconf 83' lang='grc' dir='ltr'><em>δέ</em></span> <span class='ocrx_word' id='word_1_292' title='bbox 2514 3236 2670 3335; x_wconf 77' lang='grc' dir='ltr'><em>αὗτὴ</em></span> <span class='ocrx_word' id='word_1_293' title='bbox 2714 3246 2834 3331; x_wconf 73' lang='grc' dir='ltr'><em>μὲν</em></span> 
     </span>
     <span class='ocr_line' id='line_1_30' title="bbox 392 3340 2833 3441; baseline 0.001 -26"><span class='ocrx_word' id='word_1_294' title='bbox 392 3340 506 3415; x_wconf 77' lang='grc' dir='ltr'><em>οὖκ</em></span> <span class='ocrx_word' id='word_1_295' title='bbox 567 3392 670 3432; x_wconf 92' lang='grc'><em>-,</em></span> <span class='ocrx_word' id='word_1_296' title='bbox 733 3344 1028 3441; x_wconf 75' lang='grc' dir='ltr'><em>φυγάδας</em></span> <span class='ocrx_word' id='word_1_297' title='bbox 1086 3352 1159 3417; x_wconf 80' lang='grc' dir='ltr'><em>δέ</em></span> <span class='ocrx_word' id='word_1_298' title='bbox 1219 3345 1470 3417; x_wconf 86' lang='grc' dir='ltr'><em>ἐάσασα</em></span> <span class='ocrx_word' id='word_1_299' title='bbox 1518 3392 1597 3401; x_wconf 76' lang='grc'>-</span> <span class='ocrx_word' id='word_1_300' title='bbox 1647 3350 1870 3419; x_wconf 74' lang='grc' dir='ltr'><em>ἔσωσε.</em></span> <span class='ocrx_word' id='word_1_301' title='bbox 1975 3354 2021 3419; x_wconf 84' lang='lat' dir='ltr'>O</span> <span class='ocrx_word' id='word_1_302' title='bbox 2083 3353 2197 3418; x_wconf 79' lang='grc' dir='ltr'><em>καὶ</em></span> <span class='ocrx_word' id='word_1_303' title='bbox 2256 3352 2383 3418; x_wconf 82' lang='grc' dir='ltr'><em>τῶν</em></span> <span class='ocrx_word' id='word_1_304' title='bbox 2446 3352 2566 3436; x_wconf 78' lang='grc' dir='ltr'><em>μὲν</em></span> <span class='ocrx_word' id='word_1_305' title='bbox 2622 3341 2833 3418; x_wconf 69' lang='grc' dir='ltr'><em>ἶίλλων</em></span> 
     </span>
     <span class='ocr_line' id='line_1_31' title="bbox 392 3450 2831 3547; baseline 0.001 -26"><span class='ocrx_word' id='word_1_306' title='bbox 392 3450 734 3540; x_wconf 82' lang='grc' dir='ltr'><em>ξιμμάχων</em></span> <span class='ocrx_word' id='word_1_307' title='bbox 777 3451 1079 3546; x_wconf 79' lang='grc' dir='ltr'><em>ἐψείσθη</em></span> <span class='ocrx_word' id='word_1_308' title='bbox 1123 3499 1210 3507; x_wconf 91' lang='lat'><em>-—</em></span> <span class='ocrx_word' id='word_1_309' title='bbox 1253 3451 1440 3540; x_wconf 85' lang='grc' dir='ltr'><em>μόνοι</em></span> <span class='ocrx_word' id='word_1_310' title='bbox 1487 3457 1561 3523; x_wconf 81' lang='grc' dir='ltr'><em>δέ</em></span> <span class='ocrx_word' id='word_1_311' title='bbox 1606 3450 1807 3547; x_wconf 87' lang='grc' dir='ltr'><em>ημεῖς.</em></span> <span class='ocrx_word' id='word_1_312' title='bbox 1898 3462 1955 3525; x_wconf 94' lang='grc' dir='ltr'><em>Ι)</em></span> <span class='ocrx_word' id='word_1_313' title='bbox 1990 3452 2101 3525; x_wconf 80' lang='grc' dir='ltr'><em>διὰ</em></span> <span class='ocrx_word' id='word_1_314' title='bbox 2145 3452 2221 3525; x_wconf 86' lang='grc' dir='ltr'><em>τὸ</em></span> <span class='ocrx_word' id='word_1_315' title='bbox 2266 3456 2623 3546; x_wconf 76' lang='grc' dir='ltr'><em>εἰλικρινῶς</em></span> <span class='ocrx_word' id='word_1_316' title='bbox 2666 3451 2831 3524; x_wconf 80' lang='grc' dir='ltr'><em>εἶναι</em></span> 
     </span>
     <span class='ocr_line' id='line_1_32' title="bbox 374 3552 2832 3691; baseline 0.001 -63.022"><span class='ocrx_word' id='word_1_317' title='bbox 374 3552 673 3651; x_wconf 81' lang='grc' dir='ltr'><em>Ελληνες</em></span> <span class='ocrx_word' id='word_1_318' title='bbox 733 3561 846 3628; x_wconf 81' lang='grc' dir='ltr'><em>καὶ</em></span> <span class='ocrx_word' id='word_1_319' title='bbox 905 3552 1164 3649; x_wconf 87' lang='grc' dir='ltr'><em>αμιγεῖς</em></span> <span class='ocrx_word' id='word_1_320' title='bbox 1219 3556 1574 3691; x_wconf 85' lang='grc' dir='ltr'><em>βαρβάρων.</em></span> <span class='ocrx_word' id='word_1_321' title='bbox 1670 3569 1797 3631; x_wconf 89' lang='grc'><em>246</em></span> <span class='ocrx_word' id='word_1_322' title='bbox 1843 3569 1898 3630; x_wconf 89' lang='grc' dir='ltr'><strong>Α</strong></span> <span class='ocrx_word' id='word_1_323' title='bbox 1955 3591 2043 3630; x_wconf 91' lang='grc' dir='ltr'><em>ων</em></span> <span class='ocrx_word' id='word_1_324' title='bbox 2104 3558 2230 3652; x_wconf 88' lang='grc' dir='ltr'><em>ἐγω</em></span> <span class='ocrx_word' id='word_1_325' title='bbox 2284 3564 2405 3649; x_wconf 76' lang='grc' dir='ltr'><em>μὲν</em></span> <span class='ocrx_word' id='word_1_326' title='bbox 2462 3556 2628 3648; x_wconf 77' lang='grc' dir='ltr'><em>ιμᾶς</em></span> <span class='ocrx_word' id='word_1_327' title='bbox 2679 3554 2832 3630; x_wconf 73' lang='grc' dir='ltr'><em>ἄνα-</em></span> 
     </span>
     <span class='ocr_line' id='line_1_33' title="bbox 383 3657 2833 3757; baseline 0.002 -26"><span class='ocrx_word' id='word_1_328' title='bbox 383 3661 744 3757; x_wconf 71' lang='grc' dir='ltr'><em>μιμνήσκεο,</em></span> <span class='ocrx_word' id='word_1_329' title='bbox 794 3660 961 3752; x_wconf 72' lang='grc' dir='ltr'><em>ἱμᾶς</em></span> <span class='ocrx_word' id='word_1_330' title='bbox 1006 3667 1080 3734; x_wconf 80' lang='grc' dir='ltr'><em>δὲ</em></span> <span class='ocrx_word' id='word_1_331' title='bbox 1129 3667 1394 3755; x_wconf 88' lang='grc' dir='ltr'><em>πρέπει.</em></span> <span class='ocrx_word' id='word_1_332' title='bbox 1489 3673 1541 3734; x_wconf 92' lang='grc' dir='ltr'>Β</span> <span class='ocrx_word' id='word_1_333' title='bbox 1606 3662 1733 3757; x_wconf 89' lang='grc' dir='ltr'><em>ἐγω</em></span> <span class='ocrx_word' id='word_1_334' title='bbox 1776 3669 1898 3754; x_wconf 76' lang='grc' dir='ltr'><em>μὲν</em></span> <span class='ocrx_word' id='word_1_335' title='bbox 1942 3657 2049 3736; x_wconf 67' lang='grc' dir='ltr'><em>οὖν</em></span> <span class='ocrx_word' id='word_1_336' title='bbox 2092 3695 2203 3736; x_wconf 91' lang='grc' dir='ltr'><em>και</em></span> <span class='ocrx_word' id='word_1_337' title='bbox 2250 3660 2440 3750; x_wconf 74' lang='grc' dir='ltr'><em>αἰτός</em></span> <span class='ocrx_word' id='word_1_338' title='bbox 2487 3710 2567 3719; x_wconf 93' lang='lat'><em>——</em></span> <span class='ocrx_word' id='word_1_339' title='bbox 2616 3671 2720 3736; x_wconf 76' lang='grc' dir='ltr'><em>νῦν</em></span> <span class='ocrx_word' id='word_1_340' title='bbox 2762 3696 2833 3737; x_wconf 90' lang='grc' dir='ltr'><em>τε</em></span> 
     </span>
     <span class='ocr_line' id='line_1_34' title="bbox 389 3767 2831 3863; baseline 0.002 -27"><span class='ocrx_word' id='word_1_341' title='bbox 389 3767 912 3860; x_wconf 88' lang='grc' dir='ltr'><em>παρακελευομαι</em></span> <span class='ocrx_word' id='word_1_342' title='bbox 970 3774 1082 3839; x_wconf 86' lang='grc' dir='ltr'><em>καὶ</em></span> <span class='ocrx_word' id='word_1_343' title='bbox 1143 3773 1210 3839; x_wconf 92' lang='grc' dir='ltr'><em>ἐν</em></span> <span class='ocrx_word' id='word_1_344' title='bbox 1267 3773 1359 3862; x_wconf 80' lang='grc' dir='ltr'><em>τῶ</em></span> <span class='ocrx_word' id='word_1_345' title='bbox 1418 3774 1733 3863; x_wconf 76' lang='grc' dir='ltr'><em>λοιπῷχ</em></span> <span class='ocrx_word' id='word_1_346' title='bbox 1695 3769 1896 3863; x_wconf 85' lang='grc' dir='ltr'><em>χρόνω</em></span> <span class='ocrx_word' id='word_1_347' title='bbox 1956 3816 2037 3825; x_wconf 88' lang='lat'><em>·—</em></span> <span class='ocrx_word' id='word_1_348' title='bbox 2092 3770 2585 3861; x_wconf 71' lang='grc' dir='ltr'><em>διακελεόσομαι</em></span> <span class='ocrx_word' id='word_1_349' title='bbox 2632 3818 2711 3825; x_wconf 93' lang='grc'><strong>-</strong></span> <span class='ocrx_word' id='word_1_350' title='bbox 2762 3776 2831 3841; x_wconf 86' lang='grc' dir='ltr'><em>ἐν</em></span> 
     </span>
     <span class='ocr_line' id='line_1_35' title="bbox 387 3871 2829 3972; baseline 0.002 -28"><span class='ocrx_word' id='word_1_351' title='bbox 387 3877 461 3944; x_wconf 84' lang='grc' dir='ltr'><em>δέ</em></span> <span class='ocrx_word' id='word_1_352' title='bbox 507 3878 600 3967; x_wconf 74' lang='grc' dir='ltr'><em>τῷ</em></span> <span class='ocrx_word' id='word_1_353' title='bbox 649 3873 926 3967; x_wconf 90' lang='grc' dir='ltr'><em>παρόντι</em></span> <span class='ocrx_word' id='word_1_354' title='bbox 975 3874 1232 3959; x_wconf 89' lang='grc' dir='ltr'><em>δίκαιός</em></span> <span class='ocrx_word' id='word_1_355' title='bbox 1275 3877 1430 3963; x_wconf 85' lang='grc' dir='ltr'><em>εἰμι.</em></span> <span class='ocrx_word' id='word_1_356' title='bbox 1525 3883 1573 3949; x_wconf 86' lang='lat' dir='ltr'>G</span> <span class='ocrx_word' id='word_1_357' title='bbox 1629 3872 1673 3947; x_wconf 71' lang='grc' dir='ltr'><strong><em>ἃ</em></strong></span> <span class='ocrx_word' id='word_1_358' title='bbox 1731 3906 1802 3947; x_wconf 90' lang='grc' dir='ltr'><em>τε</em></span> <span class='ocrx_word' id='word_1_359' title='bbox 1862 3871 2069 3948; x_wconf 70' lang='grc' dir='ltr'><em>αὐτῶν</em></span> <span class='ocrx_word' id='word_1_360' title='bbox 2128 3871 2371 3972; x_wconf 67' lang='grc' dir='ltr'><em>ἥκουσα</em></span> <span class='ocrx_word' id='word_1_361' title='bbox 2417 3881 2673 3949; x_wconf 86' lang='grc' dir='ltr'><em>ἐκείνων</em></span> <span class='ocrx_word' id='word_1_362' title='bbox 2716 3883 2829 3948; x_wconf 83' lang='grc' dir='ltr'><em>καὶ</em></span> 
     </span>
     <span class='ocr_line' id='line_1_36' title="bbox 389 3975 2831 4077; baseline 0.002 -27"><span class='ocrx_word' id='word_1_363' title='bbox 389 3976 498 4050; x_wconf 87' lang='grc' dir='ltr'><em>οἷα</em></span> <span class='ocrx_word' id='word_1_364' title='bbox 543 3984 647 4050; x_wconf 69' lang='grc' dir='ltr'><em>νῦν</em></span> <span class='ocrx_word' id='word_1_365' title='bbox 690 3977 897 4073; x_wconf 72' lang='grc' dir='ltr'><em>ἡδέως</em></span> <span class='ocrx_word' id='word_1_366' title='bbox 943 3975 1021 4051; x_wconf 62' lang='grc' dir='ltr'><em>ἂν</em></span> <span class='ocrx_word' id='word_1_367' title='bbox 1063 3982 1332 4053; x_wconf 76' lang='grc' dir='ltr'><em>εἴποιεν.</em></span> <span class='ocrx_word' id='word_1_368' title='bbox 1427 3990 1484 4053; x_wconf 92' lang='lat' dir='ltr'>D</span> <span class='ocrx_word' id='word_1_369' title='bbox 1548 3991 1611 4074; x_wconf 88' lang='lat' dir='ltr'><em>a)</em></span> <span class='ocrx_word' id='word_1_370' title='bbox 1678 3977 1820 4055; x_wconf 64' lang='grc' dir='ltr'><em>οἵτε</em></span> <span class='ocrx_word' id='word_1_371' title='bbox 1863 3982 2007 4054; x_wconf 77' lang='grc' dir='ltr'><em>τινὰ</em></span> <span class='ocrx_word' id='word_1_372' title='bbox 2048 3978 2426 4077; x_wconf 68' lang='grc' dir='ltr'><em>ἀνθρώπων</em></span> <span class='ocrx_word' id='word_1_373' title='bbox 2472 3978 2613 4055; x_wconf 65' lang='grc' dir='ltr'><em>οἷ’τε</em></span> <span class='ocrx_word' id='word_1_374' title='bbox 2652 3989 2831 4056; x_wconf 80' lang='grc' dir='ltr'><em>θεῶν</em></span> 
     </span>
     <span class='ocr_line' id='line_1_37' title="bbox 386 4080 2825 4182; baseline 0.002 -26"><span class='ocrx_word' id='word_1_375' title='bbox 386 4094 450 4175; x_wconf 89' lang='grc'>1))</span> <span class='ocrx_word' id='word_1_376' title='bbox 504 4080 633 4156; x_wconf 60' lang='grc' dir='ltr'><em>οἵτ’</em></span> <span class='ocrx_word' id='word_1_377' title='bbox 684 4090 801 4157; x_wconf 82' lang='grc' dir='ltr'><em>ἐπὶ</em></span> <span class='ocrx_word' id='word_1_378' title='bbox 850 4090 963 4181; x_wconf 77' lang='grc' dir='ltr'><em>γῆς</em></span> <span class='ocrx_word' id='word_1_379' title='bbox 1009 4080 1156 4157; x_wconf 64' lang='lat'><em>0353&#39;</em></span> <span class='ocrx_word' id='word_1_380' title='bbox 1203 4085 1335 4159; x_wconf 69' lang='grc' dir='ltr'><em>ὕπὸ</em></span> <span class='ocrx_word' id='word_1_381' title='bbox 1382 4092 1510 4182; x_wconf 78' lang='grc' dir='ltr'><em>γῆς.</em></span> <span class='ocrx_word' id='word_1_382' title='bbox 1605 4099 1733 4161; x_wconf 87' lang='grc'><em>247</em></span> <span class='ocrx_word' id='word_1_383' title='bbox 1766 4099 1821 4160; x_wconf 91' lang='grc' dir='ltr'><strong>Α</strong></span> <span class='ocrx_word' id='word_1_384' title='bbox 1853 4097 1913 4181; x_wconf 85' lang='lat' dir='ltr'><em>a)</em></span> <span class='ocrx_word' id='word_1_385' title='bbox 1946 4095 2058 4159; x_wconf 84' lang='grc' dir='ltr'><em>καὶ</em></span> <span class='ocrx_word' id='word_1_386' title='bbox 2105 4094 2364 4182; x_wconf 80' lang='grc' dir='ltr'><em>πρῶτον</em></span> <span class='ocrx_word' id='word_1_387' title='bbox 2394 4096 2505 4160; x_wconf 88' lang='grc' dir='ltr'><em>καὶ</em></span> <span class='ocrx_word' id='word_1_388' title='bbox 2537 4086 2825 4162; x_wconf 59' lang='grc' dir='ltr'><em>ἕστατον.</em></span> 
     </span>
     <span class='ocr_line' id='line_1_38' title="bbox 387 4187 2827 4289; baseline 0.003 -29"><span class='ocrx_word' id='word_1_389' title='bbox 387 4198 451 4281; x_wconf 90' lang='lat' dir='ltr'><em>b)</em></span> <span class='ocrx_word' id='word_1_390' title='bbox 500 4187 684 4275; x_wconf 78' lang='grc' dir='ltr'><em>ὅπως</em></span> <span class='ocrx_word' id='word_1_391' title='bbox 740 4190 1028 4280; x_wconf 88' lang='grc' dir='ltr'><em>μάλιστα</em></span> <span class='ocrx_word' id='word_1_392' title='bbox 1080 4197 1200 4282; x_wconf 77' lang='grc' dir='ltr'><em>μὲν</em></span> <span class='ocrx_word' id='word_1_393' title='bbox 1247 4238 1328 4247; x_wconf 94' lang='lat'><em>-—-</em></span> <span class='ocrx_word' id='word_1_394' title='bbox 1376 4196 1432 4265; x_wconf 84' lang='grc' dir='ltr'><em>εἰ</em></span> <span class='ocrx_word' id='word_1_395' title='bbox 1493 4199 1567 4265; x_wconf 81' lang='grc' dir='ltr'><em>δέ</em></span> <span class='ocrx_word' id='word_1_396' title='bbox 1621 4193 1731 4289; x_wconf 74' lang='grc' dir='ltr'><em>μή.</em></span> <span class='ocrx_word' id='word_1_397' title='bbox 1825 4204 1881 4287; x_wconf 80' lang='grc' dir='ltr'><em>ο)</em></span> <span class='ocrx_word' id='word_1_398' title='bbox 1941 4200 2051 4265; x_wconf 83' lang='grc' dir='ltr'><em>καὶ</em></span> <span class='ocrx_word' id='word_1_399' title='bbox 2102 4192 2266 4289; x_wconf 68' lang='grc' dir='ltr'><em>ἡμᾶς</em></span> <span class='ocrx_word' id='word_1_400' title='bbox 2311 4201 2422 4266; x_wconf 83' lang='grc' dir='ltr'><em>καὶ</em></span> <span class='ocrx_word' id='word_1_401' title='bbox 2468 4194 2617 4280; x_wconf 74' lang='grc' dir='ltr'><em>τοὺς</em></span> <span class='ocrx_word' id='word_1_402' title='bbox 2661 4195 2827 4289; x_wconf 89' lang='grc' dir='ltr'><em>πρό-</em></span> 
     </span>
    </p>
   </div>
  </div>
 </body>
</html>
