3250 4700
161 1938 225 2024 ς.
281 1938 391 2005 12.

1613 143 1698 206 24

1445 231 1558 239 ——-

432 339 505 409 εἴ
537 369 618 427 με
677 338 958 426 κελεύοις
1014 336 1349 414 ἀποδύντα
1402 339 1809 439 ὀρχήσασθαι
1831 403 1845 431 ,
1906 351 2291 443 χαρισαίμην
2355 343 2460 440 ὅν]
2554 359 2751 424 Locus
2794 363 2872 424 ab

434 453 867 536 interpretibus
893 457 936 540 ¹)
983 458 1377 522 vehementer
1420 459 1801 542 vituperatus
1848 463 2085 525 collatis
2134 461 2442 528 Ciceronis
2488 465 2667 530 dictis
2714 486 2872 548 quae

388 595 398 606 ·
435 560 724 639 leguntur
767 562 832 624 in
879 561 993 626 Off.
1043 565 1102 638 3,
1139 565 1238 627 19.
1273 565 1374 630 24.
1423 565 1667 630 defendi
1710 567 1968 631 minime
2013 571 2233 650 potest,
2276 589 2421 634 cum
2467 571 2589 635 illic
2636 573 2700 636 in
2744 572 2872 637 foro

437 666 663 731 saltare
709 687 748 730 a
797 669 950 733 bono
997 672 1059 732 et
1104 671 1367 752 sapienti
1411 670 1536 735 viro
1581 691 1830 753 prorsus
1876 674 2149 738 alienum
2187 675 2549 741 declaretur.
2626 677 2873 744 Meliore

436 772 567 837 iure
609 775 724 836 viri
771 775 932 838 docti
962 779 1352 852 monuerunt,
1383 778 1642 840 verbum
1687 764 2010 841 ἆποδῖναι
2054 799 2176 844 11011
2206 799 2339 846 esse
2369 783 2602 846 nudare
2634 803 2871 868 corpuS,

437 879 544 943 sed
590 899 805 944 exuere
850 881 1136 963 pallium,
1199 882 1263 945 id
1309 883 1471 963 quod
1505 884 1697 948 etiam
1739 886 1957 948 vocula
2003 875 2235 969 γυμνὸς
2279 887 2621 968 significare
2652 893 2870 971 potest.

439 983 527 1048 Cf.
573 987 680 1049 Ar.
726 985 889 1050 Nub.
938 987 1066 1051 497
1113 1007 1202 1069 sq.
1307 989 1540 1054 Deinde
1604 991 1847 1054 nullum
1903 994 2103 1055 exstat
2160 993 2457 1056 indicium
2477 1040 2492 1067 ,
2554 992 2873 1058 Socratem

437 1091 643 1171 palam
687 1091 783 1155 vel
827 1092 893 1154 in
938 1093 1036 1156 via
1083 1094 1308 1159 saltare
1354 1096 1522 1170 velle,
1569 1114 1721 1158 nam
1765 1096 1985 1159 adicit:
2034 1087 2263 1160 ἐπειὸί
2317 1119 2385 1181 γε
2432 1087 2609 1177 μόνω
2658 1095 2868 1179 ἐσμέν,

437 1214 632 1277 neque
676 1198 804 1260 ulla
848 1198 914 1262 in
959 1199 1196 1280 dialogo
1243 1201 1604 1280 significatio
1650 1202 1975 1277 invenitur,
2023 1203 2280 1266 ubinam
2327 1202 2605 1268 Socrates
2652 1208 2715 1268 et
2745 1205 2877 1269 Me-

434 1321 708 1366 nexenus
771 1304 910 1369 sint.
998 1307 1082 1369 At
1137 1307 1383 1370 omnino
1443 1305 1723 1372 Socrates
1785 1308 2172 1372 excusatione
2230 1310 2329 1372 vix
2388 1329 2567 1390 egere
2614 1309 2871 1374 videtur.

437 1407 669 1473 Ironice
727 1410 892 1474 enim
953 1411 1282 1492 significat
1321 1432 1386 1476 se
1431 1413 1749 1477 Menexeni
1805 1413 2005 1494 gratia
2060 1415 2294 1495 aliquid
2351 1415 2662 1479 facturum
2720 1435 2871 1492 esse,

438 1515 599 1596 quod
641 1517 832 1580 etiam
882 1516 1082 1597 magis
1142 1517 1474 1582 ridiculum
1531 1518 1612 1582 sit
1658 1537 1848 1600 quam
1910 1520 2246 1584 orationem
2291 1521 2539 1586 habere.
2626 1521 2761 1601 Qua
2806 1542 2871 1586 re

437 1619 720 1686 Socrates
768 1622 951 1685 simul
1007 1625 1166 1688 tecte
1221 1623 1454 1687 indicat
1497 1625 1864 1699 orationem,
1911 1644 2103 1706 quam
2149 1625 2424 1690 editurus
2479 1627 2587 1702 sit,
2650 1628 2896 1716 seriam,

436 1747 560 1791 non
605 1746 770 1802 esse3
816 1730 970 1793 serio
1018 1729 1182 1794 enim
1226 1730 1417 1793 talem
1461 1730 1799 1794 orationem
1844 1730 2072 1794 habere
2116 1750 2239 1794 non
2284 1731 2493 1796 minus
2544 1752 2580 1796 a
2627 1752 2691 1797 se
2738 1752 2872 1797 esse

437 1833 708 1897 alienum
739 1821 942 1915 ‘quam
986 1835 1168 1916 pallio
1215 1838 1394 1899 exuto
1441 1837 1684 1900 saltare.

619 1938 891 2021 Singulis
936 1940 1126 2021 igitur
1177 1941 1326 2005 locis
1371 1941 1735 2006 examinatis
1795 1943 1849 2005 si
1893 1942 2208 2023 dialogum
2254 1944 2454 2005 totum
2500 1945 2871 2024 spectamuS,

438 2050 693 2128 apparet
751 2046 1118 2127 colloquium
1136 2093 1153 2122 ,
1229 2066 1374 2110 cum
1431 2046 1749 2129 perfusum
1805 2048 1885 2111 sit
1943 2048 2219 2112 irrisione
2274 2047 2685 2130 lepidissima,
2744 2049 2874 2111 dia—

436 2151 650 2215 lectica
706 2153 814 2215 illa
873 2155 1002 2216 arte
1022 2200 1036 2229 ,
1095 2171 1218 2233 qua
1277 2151 1556 2217 Socrates
1603 2153 1958 2217 Platonicus
2017 2153 2285 2228 excellit,
2343 2154 2591 2216 omnino
2645 2173 2870 2229 carere,

437 2259 628 2321 immo
675 2262 1039 2339 argumento
1083 2259 1236 2322 satis
1283 2259 1425 2322 exili
1468 2262 1530 2322 et
1572 2259 1811 2323 minuto
1857 2259 2170 2324 contineri.
2240 2258 2432 2338 Quod,
2481 2260 2535 2322 si
2578 2278 2668 2334 ea,
2716 2279 2874 2341 quae

439 2365 652 2429 collato
699 2365 1000 2447 imprimis
1049 2365 1274 2446 Gorgia
1319 2366 1554 2445 dialogo
1597 2366 1904 2430 invenisse
1957 2367 2133 2430 nobis
2179 2366 2489 2442 videmur,
2534 2366 2647 2430 hoc
2692 2367 2872 2430 modo

437 2471 856 2535 circumscribi
902 2474 1131 2553 potest:
1191 2470 1506 2547 Socrates,
1567 2472 1673 2553 qui
1731 2473 1797 2535 in
1846 2469 2070 2552 Gorgia
2127 2471 2438 2537 notionem
2496 2472 2621 2535 sive
2663 2472 2871 2536 ideam

439 2578 773 2641 rhetoricae
819 2595 856 2640 a
901 2576 1194 2641 Leontino
1250 2580 1556 2641 tractatae
1602 2576 1917 2641 dialectice
1986 2578 2393 2659 explicaverat
2448 2577 2514 2640 in
2572 2578 2872 2658 dialogica

437 2683 757 2748 Menexeni
813 2686 984 2766 parte
1033 2681 1292 2764 Gorgiae
1337 2684 1722 2765 disciplinam
1786 2683 1910 2747 sive
1957 2682 2212 2747 docendi
2265 2683 2568 2747 rationem
2621 2683 2872 2747 deridet.

439 2788 645 2869 Quam
689 2808 823 2853 rem
865 2790 954 2853 ita
996 2790 1300 2863 instituit,
1344 2792 1417 2853 ut
1463 2789 1714 2854 simulet
1760 2808 1825 2852 se
1871 2789 2001 2853 eius
2049 2789 2425 2870 eloquentia,
2474 2789 2650 2853 cuius
2696 2788 2877 2853 disci-

437 2896 671 2977 plinam
715 2895 927 2977 paucis
975 2896 1295 2969 describit,
1358 2895 1669 2959 imbutum
1715 2914 1847 2958 esse
1909 2898 1970 2959 et
2030 2895 2157 2959 iam
2202 2895 2439 2959 abiecta
2497 2895 2875 2977 philosophia

437 3004 502 3066 et
547 3001 864 3083 disciplina
911 3001 1227 3066 dialectica
1271 3002 1477 3083 ipsum
1521 3001 1827 3064 rhetorem
1871 3001 2193 3065 exstitisse.
2270 3001 2489 3082 Itaque
2535 3020 2679 3064 cum
2726 3000 2876 3065 Gor-

439 3108 574 3189 giae
621 3107 940 3190 disciplina
985 3108 1288 3189 imprimis
1335 3106 1649 3171 tradendis
1695 3108 2143 3190 exemplaribus
2188 3106 2610 3189 habendisque
2656 3107 2877 3171 oratio-

440 3215 623 3278 nibus
687 3213 1182 3278 demonstrativis
1252 3213 1670 3289 contineatur,
1736 3213 1865 3296 ipse
1927 3212 2207 3277 Socrates
2264 3213 2417 3277 bene
2478 3216 2877 3295 praeparatus

439 3321 951 3385 declamationem
996 3313 1366 3402 (ἐπίδειξιν)
1416 3319 1545 3383 sine
1591 3319 1955 3400 ambagibus
1990 3319 2325 3383 dialecticis
2370 3319 2657 3392 exhibet;‘
2688 3338 2878 3399 quam

438 3426 815 3491 Menexenus
873 3426 939 3489 in
985 3425 1241 3489 modum
1287 3425 1568 3507 discipuli
1625 3425 1912 3489 rhetorici
1968 3425 2303 3489 admodum
2349 3424 2640 3488 submissi
2683 3423 2879 3487 laudi-

441 3533 556 3595 bus
597 3532 834 3614 excipit.
927 3531 1230 3597 Scaeuam
1272 3532 1489 3613 igitur,
1544 3534 1618 3595 ut
1662 3531 1751 3596 ita
1796 3531 2032 3605 dicam,
2091 3531 2392 3594 habemus
2448 3530 2879 3594 scholasticam

441 3638 535 3702 vel
581 3638 660 3701 ad
707 3638 1171 3703 similitudinem
1220 3639 1460 3702 scholae
1490 3638 1724 3701 factam
1770 3636 1956 3701 simul
1999 3639 2061 3701 et
2104 3636 2327 3701 ironice
2378 3636 2707 3700 detersam.
2790 3638 2879 3698 Ac

441 3762 517 3808 ne
562 3744 699 3825 quis
745 3744 1016 3819 dubitet,
1064 3745 1212 3825 quin
1257 3745 1370 3809 iste
1430 3744 1595 3807 idem
1642 3743 1721 3806 sit
1768 3742 2047 3807 Socrates
2067 3790 2082 3817 ,
2131 3761 2318 3823 quem
2381 3742 2532 3805 satis
2578 3741 2876 3815 novimuS,

442 3850 755 3914 adduntur
796 3849 944 3925 loci,
1001 3850 1222 3931 quibus
1269 3850 1544 3929 legentes
1591 3843 1908 3912 fortissimi
1955 3848 2371 3931 sophistarum
2431 3846 2877 3929 impugnatoris

441 3956 907 4021 admoneantur.
997 3955 1176 4020 Tales
1221 3955 1620 4020 inveniuntur
1666 3956 1793 4018 235
1843 3953 1889 4019 C
1953 3940 2053 4017 ἀεὶ
2118 3943 2195 4016 σὺ
2240 3946 2679 4037 προσπαίζεις
2733 3942 2881 4027 τοὺς

621 4186 660 4252 ¹)
699 4186 813 4251 Ast,
852 4185 1178 4253 Schleierm.,
1219 4185 1402 4253 Zeller,
1441 4185 1725 4241 Steinhart.
