3250 4700
1631 187 1669 247 2

433 391 806 456 Menexenus
837 393 1138 472 genuinus
1170 393 1442 458 Platonis
1475 383 1753 477 dialogus
1795 399 2112 463 habendus
2160 403 2272 465 est.
2351 400 2474 465 Suo
2506 403 2697 483 igitur
2738 403 2872 466 iure

435 499 627 561 altera
669 517 814 579 pars
858 499 1261 581 interpretum
1282 503 1329 582 l)
1388 521 1508 565 non
1553 505 1688 566 tam
1732 504 2063 569 vellicando
2119 506 2317 570 libello
2370 527 2621 590 operam
2682 509 2867 584 dedit,

435 622 623 684 quam
670 604 1047 668 defendendo
1106 609 1168 669 et
1225 607 1623 688 explanando.
1721 612 1805 672 At
1864 630 2008 674 811111
2068 612 2268 676 eidem
2321 614 2386 676 in
2444 615 2869 679 constituendo

433 710 630 791 operis
662 711 906 774 consilio
935 730 1157 792 parum
1190 711 1304 775 sibi
1334 714 1681 779 constitisse
1706 715 2030 780 videantur
2060 736 2255 800 neque
2289 720 2441 783 satis
2473 721 2873 802 perspexisse,

434 817 632 896 qualis
678 820 838 880 esset
881 817 1070 880 ironia
1115 816 1352 898 dialogi,
1417 838 1634 900 operae
1688 823 1959 902 pretium
2022 827 2115 887 est
2170 844 2305 888 rem
2348 825 2545 889 denuo
2604 830 2870 891 tractare

433 922 859 1004 imprimisque
903 923 970 985 in
1016 924 1208 987 ironia
1254 926 1631 989 enucleanda
1664 929 2035 1007 quantulum
2080 931 2383 994 habemus
2412 932 2639 994 virium
2682 933 2873 996 fideli-

431 1031 526 1091 ter
570 1047 956 1102 consumere,
1013 1031 1376 1111 praesertim
1423 1050 1568 1094 cum
1623 1033 1743 1096 nisi
1803 1035 1955 1098 11388
2000 1036 2153 1098 83118
2212 1040 2529 1118 perspecta
2574 1037 2683 1112 sit,
2746 1039 2871 1102 sive

431 1134 704 1197 Platonis
751 1138 846 1198 est
889 1135 1167 1216 dialogus
1226 1137 1350 1200 sive
1411 1138 1568 1202 alius
1630 1139 1939 1220 scriptoris
1959 1187 1974 1215 ‚
2032 1140 2107 1204 de
2148 1141 2279 1204 eius
2336 1143 2637 1206 sententia
2685 1147 2869 1225 atque

432 1240 680 1304 consilio
724 1241 980 1304 iudicari
1025 1245 1308 1323 nequeat.

608 1346 980 1428 Priusquam
1025 1351 1238 1411 autem
1285 1348 1364 1412 ad
1410 1349 1683 1429 singulos
1729 1350 1952 1431 dialogi
1999 1352 2159 1415 locos
2205 1354 2611 1418 recensendos
2659 1357 2869 1417 trans-

433 1471 670 1528 83111118,
717 1453 1083 1517 refellendae
1130 1458 1276 1517 sunt
1321 1456 1478 1518 duae
1525 1456 1882 1532 sententiae,
1930 1443 2311 1538 argumentis
2370 1477 2489 1522 non
2536 1459 2686 1522 satis
2733 1478 2875 1523 con-

429 1558 729 1622 firmatae.

431 1857 556 1894 eum
593 1840 732 1894 alius
769 1839 1044 1908 scriptoris
1081 1855 1212 1894 esse.
1289 1840 1409 1906 Qua
1445 1841 1510 1894 de
1545 1857 1603 1894 re
1640 1841 1858 1895 meliore
1906 1842 2022 1895 iure
2058 1843 2202 1895 hunc
2250 1843 2309 1896 in
2343 1843 2563 1896 modum
2597 1843 2750 1897 nobis
2786 1843 2873 1898 vi-

432 1930 619 1982 demur
657 1929 956 1997 disputare:
1003 1928 1183 1996 ipsum
1221 1928 1438 1996 quidem
1487 1929 1763 1982 Platonem
1813 1930 2127 1984 Aristoteles
2164 1930 2360 2000 dialogi
2408 1931 2720 1999 scriptorem
2766 1948 2872 1986 non

430 2017 754 2084 nominavit,
809 2017 903 2069 sed
952 2016 1378 2084 probabilitatem
1404 2033 1537 2078 ,non
1590 2017 1750 2071 habet
1802 2017 1960 2070 illum
2006 2017 2175 2072 31111111
2232 2034 2554 2087 quemquam
2607 2035 2701 2086 pro
2750 2019 2869 2072 eius

431 2108 645 2160 auctore
691 2104 959 2158 habuisse.
1045 2104 1184 2158 Tria·
1214 2105 1358 2158 8111111
1403 2121 1520 2158 8888
1565 2107 1815 2173 possunt:
1865 2108 1959 2159 3111
2005 2105 2280 2159 Platonem
2314 2106 2511 2176 dialogi
2560 2107 2873 2176 scriptorem

431 2193 583 2247 novit
617 2195 711 2246 aut
745 2193 914 2246 alium
948 2194 1043 2246 aut
1076 2193 1360 2248 neminem.
1423 2193 1526 2246 Sed
1562 2209 1735 2261 neque
1770 2194 2013 2262 ignotum
2049 2194 2326 2248 Aristoteli
2361 2195 2545 2262 1111888,
2586 2196 2707 2264 (11118
2745 2213 2869 2249 811111

433 2281 843 2348 composuisset,
881 2280 1038 2334 facile
1075 2282 1258 2334 credas
1294 2297 1466 2351 neque
1502 2281 1673 2353 ignoti
1707 2281 1943 2336 hominis
1978 2283 2143 2336 verba
2191 2298 2316 2336 eum
2351 2283 2672 2338 laudavisse.
2746 2284 2871 2338 Non

431 2370 603 2439 magis
637 2371 754 2424 veri
791 2372 871 2423 est
906 2369 1101 2437 simile,
1137 2371 1194 2423 id
1233 2372 1372 2439 quod
1411 2370 1677 2423 Gutscher
1718 2370 1965 2439 opinatus
2002 2374 2107 2439 est,
2155 2372 2428 2425 Aristoteli
2466 2372 2635 2425 alium
2672 2372 2869 2441 dialogi

432 2459 742 2527 scriptorem
788 2460 975 2512 notum
1017 2458 1200 2513 fuisse.
1285 2459 1398 2512 Vix
1447 2458 1590 2511 enim
1641 2460 1785 2513 credi
1832 2461 2005 2527 potest
2051 2460 2109 2512 in
2161 2459 2419 2514 librorum
2474 2460 2870 2515 Platonicorum

431 2547 665 2601 indicem
700 2546 1124 2601 Alexandrinum
1168 2547 1312 2600 hunc
1349 2547 1619 2615 dialogum
1673 2548 1857 2600 venire
1905 2548 2171 2619 potuisse,
2221 2548 2269 2601 si
2305 2548 2616 2602 Aristoteles
2664 2548 2730 2603 ab
2768 2548 2873 2603 alio

433 2637 662 2705 quodam
698 2652 823 2687 eum
859 2635 1214 2703 compositum
1249 2651 1366 2688 esse
1403 2635 1677 2705 cognitum
1712 2636 2003 2690 habuisset.
2077 2636 2245 2705 Atqui
2293 2639 2538 2704 receptus
2587 2639 2671 2690 est
2705 2637 2871 2691 dialo-

313 2703 322 2731 ”
433 2740 532 2793 gus
568 2740 600 2777 a
635 2722 908 2791 Thrasyllo
943 2723 1002 2775 in
1037 2722 1364 2793 tetralogias3
1405 2724 1599 2791 quibus
1639 2724 1734 2792 qui
1770 2724 2165 2777 continerentur
2201 2724 2414 2793 dialogi,
2456 2741 2547 2779 eos
2586 2741 2767 2779 01111188
2804 2725 2870 2779 ab

431 2812 784 2880 Aristophane
819 2811 1082 2879 Byzantio
1129 2812 1188 2863 in
1241 2828 1338 2865 8110
1375 2812 1771 2866 Platonicorum
1818 2812 2139 2880 scriptorum
2185 2812 2363 2867 indice
2411 2813 2709 2867 nominatos
2756 2829 2872 2866 esse

432 2900 555 2953 inde
590 2900 935 2969 intellegitur,
973 2900 1114 2968 quod
1152 2900 1305 2969 Diog.
1332 2900 1504 2954 Laert.
1541 2900 1629 2953 ΠΙ
1661 2900 1746 2968 62,
1784 2903 2066 2969 postquam
2104 2900 2339 2969 quinque
2366 2901 2738 2969 Aristophanis
2774 2902 2873 2953 tri-

431 2988 600 3057 logias
635 2988 952 3042 nominatim
989 2988 1195 3056 attulit,
1233 2988 1472 3041 Platonis
1508 2988 1765 3042 librorum
1802 2989 2189 3043 enumerationi
2223 2990 2385 3042 finem
2430 2990 2660 3058 imponit
2693 2989 2875 3042 verbis

431 3070 503 3129 τὰ
538 3070 587 3130 δ’
625 3070 758 3129 ἄλλα
793 3069 924 3127 καθ’
963 3079 1024 3127 ἓν
1069 3082 1160 3128 καὶ
1203 3069 1470 3139 ἀτάκτως,
1521 3077 1616 3130 ubi
1651 3070 1723 3128 τὰ
1762 3071 1895 3128 ἄλλα
1941 3077 2040 3130 vix
2084 3077 2191 3131 alia
2240 3077 2439 3146 Scripta
2486 3093 2605 3131 esse
2652 3079 2875 3146 possunt

433 3182 594 3234 quam
627 3164 850 3233 reliqua,
889 3180 1026 3233 quae
1061 3164 1326 3233 Thrasylli
1361 3164 1656 3234 teti-alogiis
1693 3166 1934 3233 proxime
1970 3167 2126 3219 antea
2161 3164 2337 3219 allatis
2364 3166 2715 3219 continentur.
2764 3165 2873 3217 Re-

433 3255 687 3322 ceperunt
722 3253 939 3321 quidem
976 3254 1139 3307 etiam
1175 3253 1374 3321 scripta
1409 3252 1592 3321 procul
1631 3254 1793 3307 dubio
1830 3253 2120 3307 subditicia
2167 3254 2225 3306 in
2261 3253 2466 3307 indices
2504 3269 2629 3307 suos
2664 3252 2873 3306 Aristo-

433 3342 633 3411 phanes
669 3344 723 3395 et
757 3341 1082 3409 Thrasyllus,
1117 3340 1271 3393 velut
1292 3340 1528 3395 Minoem
1563 3343 1616 3394 et
1653 3340 1925 3409 epistulaS,
1964 3342 2057 3395 sed
2096 3341 2252 3395 facile
2289 3341 2873 3410 perspicitm·A1exan-

433 3431 706 3485 drinorum
741 3432 911 3485 aetate
947 3430 1080 3485 falso
1129 3446 1223 3499 pro
1259 3430 1412 3483 libris
1447 3429 1741 3484 Platonicis
1788 3430 1973 3483 haberi
2008 3447 2113 3483 non
2148 3430 2387 3499 potuisse
2422 3430 2531 3483 nisi
2568 3446 2657 3485 eos
2674 3470 2688 3496 ,
2739 3444 2873 3498 quos

433 3520 528 3589 qui
564 3520 903 3588 scripsissent
940 3535 1066 3573 cuin
1099 3518 1358 3572 traditum
1393 3534 1498 3572 non
1536 3521 1693 3585 esset,
1730 3518 1949 3572 indiciis
1996 3534 2188 3587 parum
2234 3518 2405 3571 firmis
2442 3518 2627 3572 confisi
2662 3517 2873 3571 Platoni

432 3608 738 3661 tribuerent.
813 3606 1088 3662 Aristoteli
1125 3610 1306 3660 autem
1341 3606 1392 3659 si
1426 3606 1565 3661 alius
1601 3606 1886 3661 Menexeni
1922 3607 2157 3675 scriptor·
2182 3608 2341 3661 notus
2377 3606 2570 3659 fuisset
2584 3646 2597 3673 ,
2635 3606 2756 3659 eius
2792 3605 2873 3659 rei

433 3695 744 3749 memoriam
762 3694 1242 3749 Alexandrinorum
1267 3697 1436 3749 aetate
1461 3694 1617 3763 plane
1644 3696 1965 3749 exstinctam
2002 3694 2171 3748 1111888
2193 3711 2301 3747 11011
2337 3697 2420 3747 est
2456 3708 2553 3747 cur
2576 3694 2872 3747 credamus

401 3852 408 3859 ⁸
434 3816 502 3823 —
542 3785 582 3852 ³)
621 3782 806 3837 Gottl
821 3783 1002 3851 eber,
1037 3783 1276 3838 Platonis
1300 3768 1510 3837 Menex.
1537 3785 1591 3836 et
1613 3782 1839 3837 Periclis
1864 3782 2198 3851 Thucydidei
2234 3782 2401 3836 oratio
2437 3782 2673 3835 funebris
2718 3780 2873 3836 1782.

433 3872 776 3940 Koeppen,
813 3871 1028 3925 Platons
1063 3872 1272 3925 Menex.
1310 3870 1388 3923 im
1414 3871 1720 3938 Grundriss,
1749 3871 1901 3926 1790.
1958 3870 2229 3937 8081181,
2266 3870 2399 3923 iiber
2422 3870 2639 3924 Platons
2665 3869 2871 3924 Schrif-

432 3964 524 4014 ten
562 3960 714 4015 1820.
775 3959 862 4013 Lo
875 3974 1005 4027 ers,
1041 3952 1280 4013 Platonis
1303 3959 1515 4014 Menex.
1555 3958 1708 4015 1824.
1771 3959 2214 4025 Schoenborn,
2253 3959 2383 4011 iiber
2408 3959 2503 4013 das
2522 3958 2877 4025 VerhffltniSS‚

433 4050 491 4101 in
525 4049 786 4103 welchem
821 4047 1037 4103 Platons
1060 4047 1280 4101 ‘Menex.
1320 4064 1390 4099 zu
1425 4048 1547 4100 dem
1581 4046 1831 4115 Epitaph.
1870 4047 1965 4101 des
2000 4046 2195 4115 Lysias
2231 4047 2389 4101 steht.
2464 4046 2645 4115 Progr.
2686 4046 2875 4098 Guben

437 4137 589 4191 1830.
698 4137 1036 4190 Westerm
1051 4152 1208 4203 ann,
1282 4136 1658 4204 quaestionum
1715 4135 2249 4189 Demosthenicarum
2318 4134 2506 4203 partic.
2580 4134 2651 4188 Π.
2719 4132 2871 4187 1831.

431 4226 762 4295 Krueger,
800 4225 984 4279 histor.
1021 4224 1203 4293 philol.
1231 4223 1456 4279 Studien
1489 4224 1533 4292 I,
1563 4222 1716 4279 1836.
1778 4224 1844 4278 K.
1871 4222 1928 4279 F.
1955 4224 2327 4291 Hermann,
2364 4222 2553 4277 Gesch.
2582 4240 2634 4276 u.
2662 4220 2879 4291 System
