3250 4700
1521 198 1603 260 57

343 411 577 474 tionem
623 428 769 474 cum
820 409 928 473 illa
973 409 1377 492 descriptione
1423 427 1758 490 congruere
1800 425 1999 490 neque
2050 409 2257 472 minus
2303 408 2561 489 vestigia
2605 409 2791 472 disci-

343 517 546 598 plinae
593 515 890 598 Gorgieae
935 515 1204 598 plurima
1264 519 1327 580 et
1383 506 1891 579 manifestissima
1950 514 2016 577 in
2060 532 2133 578 ea
2173 515 2369 590 cerni,
2423 515 2785 578 contendere

349 641 472 685 non
537 622 902 686 dubitamus
922 670 936 698 ,
1007 621 1344 686 orationem
1403 641 1536 686 esse
1594 621 1903 704 specimen
1959 620 2187 685 ironiae
2244 620 2550 685 mimicae.
2652 618 2790 684 Hoc

345 731 556 792 autem
596 728 770 792 Plato
825 728 1044 804 edidit,
1105 747 1225 792 non
1270 746 1389 809 quo
1438 730 1676 792 certam
1722 725 1982 806 Gorgiae
2028 726 2363 790 orationem
2419 725 2785 801 imitaretur,

345 833 452 899 sed
495 837 569 897 ut
610 834 912 898 rationem
957 835 1089 898 eius
1135 836 1197 898 et
1227 832 1617 915 disciplinam
1648 832 1924 914 exemplo
1968 832 2325 896 illustraret.
2404 829 2595 895 Cuius
2636 831 2786 894 vitia

343 943 682 1004 cernuntur
745 959 892 1004 cum
945 940 1011 1002 in
1055 939 1451 1003 artificiorum
1498 938 1919 1002 adhibitorum
1973 939 2145 1020 copia
2194 940 2257 1002 et
2316 937 2382 1000 in
2430 956 2502 1001 ea
2522 985 2536 1012 ‚
2596 955 2786 1019 quam

344 1047 409 1108 in
452 1045 844 1128 dispositione
889 1045 1155 1109 vidimus
1177 1093 1192 1121 ,
1247 1045 1517 1126 vulgaris
1573 1043 1899 1108 cuiusdam
1957 1043 2410 1126 perspicuitatis
2472 1046 2789 1107 consecta-

343 1151 505 1216 tione
551 1155 612 1216 et
654 1152 721 1215 in
763 1151 1113 1216 laudatione
1159 1151 1502 1214 adulatoria
1564 1153 1626 1214 et
1673 1150 2003 1232 sophistica
2024 1197 2038 1225 ,
2096 1153 2237 1214 tum
2291 1149 2357 1212 in
2399 1167 2472 1213 ea
2532 1149 2784 1223 ratione,

350 1275 509 1338 quae
554 1257 877 1322 intercedit
920 1257 1082 1321 inter
1121 1259 1620 1337 ornamentorum
1679 1256 2027 1320 ubertatem
2086 1258 2149 1320 et
2206 1255 2651 1319 sententiarum
2696 1257 2789 1318 te-

342 1363 666 1428 nuitatem.
758 1363 896 1444 Qua
950 1363 1014 1427 in
1058 1383 1126 1428 re
1169 1363 1566 1445 philosophus
1611 1364 1892 1427 versatus
1956 1364 2051 1426 est
2105 1364 2283 1425 tanta
2328 1379 2472 1424 cum
2519 1360 2785 1424 sollertia

345 1472 406 1534 et
447 1469 678 1550 ingenii
707 1470 1087 1545 dexteritate,
1132 1472 1205 1532 ut
1234 1469 1430 1551 primo
1475 1469 1697 1532 obtutu
1741 1469 1932 1532 oratio
1964 1467 2246 1532 videatur
2290 1484 2423 1530 esse
2470 1467 2785 1549 exemplar

343 1575 627 1641 omnibus
672 1577 946 1640 numeris
993 1575 1270 1640 oratoriis
1317 1575 1690 1638 absolutum.
1784 1573 1998 1655 Neque
2065 1592 2205 1637 vero
2251 1572 2571 1648 miramur,
2644 1571 2787 1634 Pla-

346 1684 555 1765 tonem
614 1700 721 1763 pro
780 1682 1024 1761 ingenio
1086 1699 1195 1744 suo
1251 1679 1440 1744 etiam
1455 1728 1470 1756 ,
1529 1698 1676 1743 cum
1719 1679 1949 1742 imitari
2011 1681 2073 1744 et
2119 1678 2328 1742 ludere
2370 1679 2554 1743 vellet
2567 1725 2582 1754 ,
2645 1696 2790 1740 con-

347 1787 678 1868 scripsisse,
743 1787 904 1868 quod
946 1787 1012 1849 in
1059 1805 1168 1850 suo
1213 1805 1434 1866 genere
1486 1785 1825 1867 perfectum
1872 1788 2051 1849 esset.
2143 1783 2485 1864 Agathonis
2544 1801 2783 1865 quoque

344 1892 748 1967 oratiuncula,
793 1892 1075 1973 quamvis
1106 1891 1591 1956 manifestiorem
1638 1891 1829 1954 etiam
1871 1890 2280 1954 imitationem
2321 1908 2466 1971 prae
2501 1908 2565 1953 se
2607 1888 2783 1962 ferat,

343 1997 408 2059 in
455 2016 563 2061 suo
609 2016 827 2078 genere
872 1997 1050 2078 quasi
1109 1997 1392 2061 absoluta
1437 2000 1548 2060 est.
1638 1996 1874 2060 Tamen
1918 1996 2294 2077 Hermogeni
2348 2014 2470 2058 non
2522 1995 2784 2060 assenti-

343 2121 513 2179 mur,
580 2103 686 2184 qui
750 2103 1261 2186 panegyricorum
1340 2103 1825 2185 pulcherrimum
1888 2122 2022 2167 esse
2090 2106 2301 2167 censet
2360 2101 2782 2174 Platonicum3

342 2209 532 2272 immo
577 2228 722 2273 cum
765 2209 1058 2291 Dionysio
1120 2209 1382 2273 facimus
1401 2257 1415 2285 ,
1475 2209 1581 2290 qui
1627 2226 2011 2290 quamquam
2070 2208 2393 2272 consilium
2449 2207 2784 2289 philosophi

341 2334 466 2381 non
510 2315 813 2398 perspexit
853 2315 1108 2397 ideoque
1157 2316 1400 2399 saepius
1445 2315 1677 2381 nimius
1723 2317 1819 2380 est
1862 2315 1927 2378 in
1970 2313 2404 2399 vituperando,
2449 2317 2663 2377 tamen
2707 2313 2783 2376 de

347 2422 633 2486 universa
677 2423 949 2487 oratione
982 2441 1206 2486 sanum
1236 2422 1382 2487 fecit
1424 2422 1745 2486 iudicium.
1823 2420 1959 2499 Qua
1990 2420 2069 2484 ab
2116 2421 2423 2485 sententia
2464 2438 2545 2483 ne
2578 2418 2783 2483 Cicero

346 2528 596 2608 quidem
641 2548 754 2593 nos
797 2512 1078 2593 revocare
1121 2531 1342 2611 potest,
1388 2546 1665 2601 narrans,
1708 2527 2047 2590 orationem
2086 2526 2471 2590 Platonicam
2518 2524 2606 2588 sic
2650 2543 2785 2605 pro-

345 2633 559 2697 batam
601 2634 810 2710 fuisse,
853 2637 927 2698 ut
971 2653 1113 2699 eam
1143 2634 1470 2715 quotannis
1513 2633 1756 2697 recitari
1802 2651 2051 2697 necesse
2090 2634 2254 2696 esset
2276 2632 2344 2714 1).
2420 2630 2586 2693 Nam
2617 2629 2779 2710 quod

342 2740 752 2803 Athenienses
797 2740 919 2803 illis
964 2740 1344 2822 temporibus
1391 2740 1650 2803 libenter
1694 2757 1834 2803 eam
1873 2728 2223 2813 audiebant,
2269 2756 2391 2801 non
2436 2736 2525 2799 ita
2554 2735 2783 2799 mirum

343 2844 620 2909 videtur:
683 2844 1048 2908 fruebantur
1093 2846 1258 2908 enim
1303 2844 1798 2925 magnificentiae
1842 2844 2208 2926 praeteritae
2255 2842 2479 2905 umbra
2524 2844 2587 2905 et
2631 2841 2788 2904 ima-

344 2950 484 3031 gine
530 2949 762 3015 deooris
809 2950 1009 3015 verbis
1073 2969 1358 3033 expressa
1412 2969 1610 3032 neque
1675 2929 2004 3026 curabant,
2068 2952 2441 3031 quantopere
2501 2951 2703 3012 orator
2748 2966 2784 3009 a

341 3056 597 3121 veritate
644 3056 1018 3131 deflexisset3
1075 3060 1350 3121 ceterum
1403 3056 1469 3119 in
1513 3056 2001 3121 Atheniensibus
2046 3047 2217 3119 omni
2266 3058 2539 3136 tempore
2585 3053 2788 3117 valuit

340 3161 494 3225 illud
540 3162 795 3239 dictum,
844 3162 1006 3243 quod
1051 3181 1124 3227 ex
1166 3163 1286 3226 hac
1327 3155 1462 3244 ipsa
1506 3162 1776 3227 oratione
1820 3161 2179 3225 Aristoteles
2211 3160 2517 3224 laudavit:
2568 3146 2640 3221 οὗ
2668 3181 2783 3238 χα-

341 3257 542 3331 λεπὸν
581 3253 974 3353 Ἀθηναίους
1033 3263 1100 3331 ἐν
1142 3254 1528 3353 Ἀθηναίοις
1591 3264 1902 3329 ἐπαινεῖν.
1991 3266 2273 3341 Accedit,
2341 3266 2501 3347 quod
2559 3283 2785 3329 nomen

342 3374 614 3439 Platonis
644 3374 987 3457 philosophi
1016 3374 1484 3439 celebratissimi
1527 3373 1784 3438 orationi
1831 3372 2060 3455 aliquid
2093 3371 2430 3455 splendoris
2475 3373 2538 3435 et
2581 3371 2787 3435 famae

340 3480 746 3562 impertiebat,
791 3480 975 3562 idque
1021 3500 1089 3545 eo
1140 3480 1386 3544 facilius
1430 3480 1559 3544 fieri
1600 3482 1878 3562 poterat,
1924 3478 2084 3560 quod
2131 3481 2298 3542 certa
2341 3474 2519 3541 verae
2564 3475 2785 3539 indolis

343 3586 640 3650 memoria
729 3587 971 3660 deerat3
1060 3585 1250 3650 immo
1327 3585 1731 3650 admiratores
1789 3584 2132 3667 philosophi
2215 3582 2567 3664 gaudebant
2641 3600 2787 3645 eum

343 3691 534 3756 etiam
597 3676 672 3754 ’in
738 3695 869 3756 arte
943 3692 1206 3757 oratoria
1272 3691 1624 3755 eminuisse.
1760 3690 2084 3754 Praeterea
2174 3708 2295 3753 non
2369 3687 2783 3753 omittendum

343 3798 469 3872 est,
539 3796 854 3861 schemata
921 3796 1183 3879 Gorgiea
1238 3798 1366 3860 vim
1431 3797 1498 3860 in
1566 3796 1947 3870 auditoribus
2017 3794 2307 3859 habuisse
2373 3793 2711 3857 maximam
2735 3793 2786 3873 ²)

522 4062 562 4129 1)
613 4060 814 4115 Orator.
853 4077 898 4115 c.
936 4060 1022 4115 44.
1061 4062 1106 4130 ᾖ.
1148 4062 1264 4116 151.
1323 4093 1391 4101 -
1441 4062 1482 4131 2)
1536 4062 1697 4115 Isocr.
1758 4060 2048 4115 Panathen.
2089 4059 2149 4112 2:
2203 4051 2294 4111 οὐκ
2342 4051 2535 4130 ὀλίγων
2583 4048 2785 4109 Mmt-

343 4150 562 4202 θέσεων
607 4155 696 4201 καὶ
744 4146 1104 4218 παρισώσεων
1159 4155 1246 4201 καὶ
1292 4149 1403 4201 τῶν
1449 4144 1624 4202 ἄλλων
1688 4146 1849 4201 ἰδεῶν
1893 4148 2006 4201 τῶν
2054 4152 2114 4200 ἐν
2159 4152 2275 4202 ταῖς
2321 4148 2619 4217 ῥητορείαις
2667 4141 2783 4195 δια-

341 4236 672 4306 λαμπονσῶν
705 4242 794 4289 καὶ
829 4232 950 4292 τοὺς
988 4230 1276 4293 ἀκούοντας
1313 4238 1777 4306 ἐπισημαίνεσθαι
1812 4243 1901 4289 καὶ
1940 4238 2201 4308 θορυβεῖν
2238 4228 2667 4307 ἆναγκαζουσῶν.
