3250 4700
1557 159 1642 221 37

369 361 498 455 γὰρ
557 357 734 456 άπῆν
779 407 886 446 —-‚
937 350 1024 432 ὧν
1083 368 1182 432 δεῖ
1241 356 1509 453 άνδράσι
1570 370 1931 451 προσεῖναι.
2026 368 2089 450 1))
2149 357 2225 430 τὸ
2271 363 2483 454 πρᾷον
2526 362 2818 441 ἐπιεικές

378 473 492 540 τοῦ
553 463 887 552 αὐθάδους
940 469 1198 539 δικαίου
1256 469 1724 560 προκρίνοντες.
1818 475 1875 556 ο)
1933 469 2027 558 τῷ
2072 468 2365 559 φρονίμῳ
2410 468 2522 559 τῆς
2567 462 2818 558 γνώμης

381 572 698 658 παόοντες
753 572 829 644 τὸ
889 568 1097 668 ἷίφρον
1143 577 1332 665 <τῆς
1376 570 1690 666 ῥώμης>.
1785 579 1943 642 Plat.
1992 578 2173 660 Gorg.
2221 580 2349 643 456
2396 579 2448 641 Β
2512 565 2584 642 οὗ
2628 577 2817 642 δυνα-

375 685 574 769 μένου
618 725 700 734 —-
747 690 997 763 πεῖσαι,
1048 677 1176 771 ἐγὼ
1219 680 1474 750 ἔπεισα.
1569 684 1851 769 Sympos.
1902 686 2025 749 195
2073 685 2126 748 B
2177 675 2393 748 πολλὰ
2448 669 2612 747 ἄλλα
2658 671 2815 764 ὃμο-

368 791 586 878 λογῶν
628 790 817 857 τοῦτο
864 779 972 874 οὗχ
1019 781 1334 875 ὁμολογῶ.

556 900 845 964 Menex.
937 900 1066 963 236
1111 899 1160 962 E
1228 900 1370 974 τοῖς
1431 887 1723 982 πράξασι
1791 933 1872 942 -
1944 887 2125 981 παρὰ
2192 892 2322 960 τῶν
2386 883 2813 960 ἀκουσάντων.

361 1008 509 1070 «237
566 1007 623 1068 Α
682 997 796 1091 τὴν
851 994 1138 1090 τελευτὴν
1197 991 1340 1066 αντὶ
1394 1000 1509 1088 τῆς
1564 999 1695 1066 τῶν
1753 993 2005 1081 ζώντων
2064 997 2398 1088 σωτηρίας.
2503 1003 2560 1065 D
2618 985 2693 1088 ἣν
2744 999 2817 1064 δέ

379 1109 534 1175 θεοὶ
583 1102 924 1197 ἐπηνεσαν,
987 1107 1136 1186 πῶς
1197 1097 1305 1189 οὗχ
1361 1097 1476 1172 ὖπ
1534 1096 1912 1234 ἀνθρώπων
1956 1145 2039 1154 —-
2088 1105 2534 1172 ἐπαινεῖσθαι.
2628 1109 2692 1191 1))
2752 1105 2819 1170 ἐν

372 1242 435 1302 ιι
492 1241 531 1304 η
589 1214 777 1279 πᾶσα
822 1213 899 1303 γῆ
947 1203 1242 1279 ἆνεδίδου
1283 1253 1372 1261 —-
1413 1205 1611 1298 βοτά,
1677 1211 1745 1278 ἐν
1787 1237 1995 1299 τουτω
2038 1203 2076 1300 ἡ
2120 1202 2394 1335 ἡμετέρα
2438 1209 2688 1300 θηρίων
2734 1251 2815 1260 -

369 1344 613 1408 αγονος
657 1345 768 1386 και
814 1312 1082 1406 καθαρα
1128 1311 1349 1408 ἐφάνη.
1443 1323 1569 1385 239
1602 1324 1658 1385 A
1702 1310 1741 1407 ἡ
1772 1314 2067 1404 ἰσογονία
2108 1309 2147 1407 ἡ
2179 1341 2345 1383 κατα
2377 1311 2571 1407 φύσιν
2600 1313 2815 1384 ἰσονο-

379 1425 537 1510 μίαν
580 1416 923 1513 άναγκάζει
971 1424 1176 1514 ζητεῖν
1218 1450 1385 1490 κατα
1430 1416 1639 1507 νόμον.
1735 1428 1861 1491 239
1910 1427 1967 1489 D
2016 1411 2459 1511 ἐλευθερώσας
2504 1463 2586 1472 —-
2635 1422 2816 1490 ἐδου-

377 1525 656 1598 λώσατο.
747 1535 797 1597 Ε
842 1523 992 1610 τσὺς
1047 1523 1376 1608 δεσπότας
1419 1572 1506 1579 -——
1553 1523 1979 1596 ἐδουλώσατο.
2074 1533 2196 1596 241
2250 1532 2301 1595 Β
2362 1520 2604 1616 ὀλίγοις
2649 1531 2815 1596 πολ-

371 1631 546 1717 λοὺς.
641 1642 767 1704 242
815 1640 868 1702 Β
939 1641 1000 1722 a)
1070 1629 1567 1716 καταλιπόντες,
1642 1627 1743 1715 οἷς
1810 1628 2147 1724 ἐβοήθουν.
2241 1638 2305 1720 1))
2361 1659 2511 1714 τους
2574 1625 2819 1714 άδίκως

371 1737 732 1833 φεύγοντας
799 1741 1071 1822 δικαίως
1136 1735 1512 1831 κατήγαγον.
1630 1746 1687 1827 ο)
1754 1732 2052 1830 ’Έλλησιν
2116 1781 2205 1790 --
2271 1733 2439 1828 πρὸς
2491 1733 2813 1829 (Έλληνας.

382 1852 430 1916 O
479 1842 619 1930 ἐξὸν
663 1851 1073 1938 διαφθεῖραι,
1123 1845 1485 1936 ἐφείσαντο.
1578 1851 1635 1913 D
1680 1836 1767 1912 δι>
1816 1836 2002 1936 ὀργὴν
2040 1843 2216 1913 ἰδίαν
2257 1840 2513 1925 πόλεως
2556 1840 2632 1912 τὸ
2674 1872 2814 1913 κοι-

377 1949 486 2020 -νὸν
526 1954 656 2020 τῶν
697 1945 1006 2042 Ἑλλήνων
1049 1947 1392 2020 διολλύναι.
1483 1957 1533 2019 Ε
1595 1958 1657 2039 a)
1720 1944 1870 2031 τοὺς
1916 1951 2332 2040 προεστῶτας
2378 1993 2459 2001 -
2506 1947 2816 2040 χειρωσά-

376 2085 579 2144 μενοι.
673 2065 737 2146 b)
782 2048 939 2143 μεθ>
978 2043 1065 2125 ὧν
1105 2052 1254 2137 τοὺς
1296 2051 1660 2147 βαρβάρους
1705 2055 1932 2124 ἐνίκων
1973 2058 2172 2147 κοινῇ,
2219 2050 2481 2138 τούτους
2522 2057 2819 2138 νικῶντες

375 2163 539 2254 ἰδίᾳ.
635 2171 763 2233 243
810 2171 865 2232 A
906 2165 1031 2254 μιᾷ
1061 2205 1150 2214 -—
1182 2157 1422 2244 πάσας,
1472 2187 1591 2250 quo
1637 2169 1767 2231 loeo
1812 2167 2130 2249 posteriori
2173 2168 2335 2249 parti
2380 2168 2594 2232 statim
2640 2187 2821 2251 oppo-

381 2277 582 2339 nitur:
655 2264 906 2351 πολλὰς
966 2270 1039 2337 δὲ
1098 2272 1210 2336 καὶ
1271 2259 1469 2351 ἷίλλας
1528 2263 1917 2361 νικήσαντες,
1980 2273 2204 2355 quibus
2256 2273 2453 2338 verbis
2512 2275 2817 2338 sententia

377 2383 644 2463 perverti
689 2382 945 2446 videtur.
1037 2381 1090 2443 B
1139 2383 1200 2464 a)
1230 2376 1324 2466 τῷ
1363 2374 1654 2464 ἐχθίστῳ
1686 2369 2347 2466 ἐπικηρυκεύσασθαι.
2440 2380 2504 2463 1))
2539 2363 2610 2442 ὃν
2639 2378 2819 2466 κοινῇ

377 2482 688 2568 ἐξέβαλον
729 2524 834 2563 --,
881 2480 1024 2571 ἰδίᾳ
1081 2482 1307 2549 τοῖτον
1363 2476 1761 2570 ἐπάγεσθαι.
1854 2487 1911 2569 e)
1971 2475 2295 2569 βάρβαρον
2353 2471 2458 2572 ἐφ’
2492 2473 2815 2571 (Έλληνας.

371 2593 446 2675 d)
498 2589 615 2655 ἐπὶ
678 2583 791 2677 τὴν
851 2582 1047 2655 πόλιν
1091 2581 1344 2667 πάντας
1375 2579 1683 2677 (Έλληνάς
1736 2613 1806 2654 τε
1850 2589 1964 2654 καὶ
2007 2581 2385 2676 βαρβάρους.
2480 2593 2608 2655 244
2653 2592 2706 2654 Β
2752 2575 2819 2654 εἶ)

381 2688 718 2774 παθόντες
759 2736 848 2744 —-
896 2696 1039 2761 οἵαν
1090 2688 1273 2783 χάριν
1331 2684 1687 2761 ἀπέδοσαν.
1781 2696 1828 2762 O
1876 2700 1938 2779 a)
1981 2687 2101 2773 τὰς
2153 2693 2301 2773 ναῦς
2356 2686 2815 2781 περιελόμενοι,

371 2798 462 2866 αἳ
490 2840 571 2849 -
607 2798 876 2867 ε’σωσαν.
967 2805 1032 2886 1))
1078 2798 1252 2889 τείχη
1287 2793 1695 2881 καθελόντες,
1742 2790 1895 2867 ανθ
1901 2826 1989 2866 ων
2017 2840 2105 2850 -
2138 2793 2543 2883 ἐκωλύσαμεν
2572 2806 2815 2867 πεσεῖν.

381 2910 439 2973 D
487 2904 805 2995 σωτηρίαν
836 2945 917 2954 —-
953 2904 1027 2971 ἐκ
1070 2899 1304 2995 ταύτης
1338 2905 1456 3027 τῆς
1498 2900 1773 2986 πόλεως,
1818 2932 1892 2993 ην
1936 2898 2235 2993 πρόσθεν
2264 2895 2553 2972 απώλλυ.
2604 2910 2731 2973 245
2764 2912 2819 2972 Α

383 3011 762 3096 ἐλευθέροις
804 3004 997 3089 εἶναι,
1059 3011 1246 3099 μέχρι
1294 3036 1367 3077 ου
1409 3052 1499 3061 -—-
1542 3005 2125 3078 κατεδουλώσαντο.
2217 3014 2275 3077 D
2309 3001 2617 3135 Έλληνας
2659 3017 2817 3099 βαρ-

373 3110 610 3206 βάροις
642 3109 952 3196 ἐκδόντες.
1003 3121 1130 3183 246
1155 3121 1211 3183 Ι)
1246 3110 1389 3198 ἐξὸν
1419 3117 1528 3206 ζῆν
1554 3109 1644 3206 μὴ
1675 3117 1906 3198 καλῶς,
1941 3116 2154 3197 καλῶς
2184 3110 2550 3204 αιρουμεθα
2578 3116 2821 3202 μᾶλλον

367 3222 692 3289 τελευτᾶν.
783 3227 834 3289 Ε
883 3216 994 3289 ἐάν
1035 3248 1102 3288 τι
1142 3223 1253 3288 καὶ
1298 3212 1458 3290 α’λλο
1501 3212 1758 3312 ασκῆτε,
1806 3213 2030 3291 ασκεῖν
2071 3213 2211 3307 μετ’
2256 3212 2500 3312 αρετῆς.
2592 3228 2719 3290 247
2767 3227 2817 3289 Ε

385 3326 734 3407 ἐπαινέτας
762 3321 928 3394 εἶναι
963 3325 1144 3415 ἔργῳ.
1206 3332 1333 3395 248
1367 3332 1419 3394 Β
1451 3334 1592 3407 τοῖς
1619 3322 2131 3417 τετελευτηκόσιν
2160 3323 2476 3417 αἴσθησις
2504 3328 2632 3395 τῶν
2662 3322 2818 3410 ζών-

383 3458 528 3499 των.
624 3438 750 3500 249
787 3437 838 3500 Β
871 3433 1161 3501 ποιοῦσα
1204 3432 1385 3523 κοινῇ
1416 3434 1639 3513 πᾶσιν,
1688 3425 1859 3522 ὅπερ
1888 3432 2030 3523 ἰδίᾳ
2062 3428 2315 3522 ἑκάστῳ
2344 3430 2487 3500 ἴδια
2518 3432 2816 3522 γίγνεται.

560 3543 622 3606 4.
712 3542 992 3625 Denique
1053 3544 1330 3625 exempla
1390 3544 1524 3607 eius
1568 3545 1862 3607 contrarii
1906 3543 2271 3619 afferantur,
2332 3562 2452 3625 quo
2496 3548 2702 3627 partes
2750 3564 2822 3609 ex
2866 3550 2929 3636 ξ.
2975 3549 3099 3620 26.

383 3667 576 3730 aequo
638 3650 871 3730 positae
931 3649 1301 3730 eaedemque
1363 3648 1768 3714 affirmativae
1840 3651 1951 3713 aut
2010 3649 2313 3713 enuntiati
2373 3653 2483 3713 aut
2556 3651 2821 3714 membri

371 3756 790 3836 opponuntur.
885 3753 1077 3818 Cuius
1123 3755 1362 3836 generis
1410 3754 1746 3837 specimina
1793 3774 1825 3819 e
1869 3754 2231 3837 fragmentis
2278 3753 2554 3837 Gorgieis
2600 3755 2821 3819 addere

385 3860 567 3923 liceat
612 3860 1022 3941 supersedere,
1065 3879 1211 3923 eum
1254 3861 1361 3923 illa
1406 3860 1629 3925 referta
1676 3880 1809 3926 esse
1849 3861 1963 3926 hoo
1995 3862 2308 3926 schemate
2338 3861 2516 3926 facile
2548 3860 2823 3941 intellegi

381 3965 596 4045 possit.

564 4069 785 4135 Mene
803 4089 858 4134 x,
951 4072 1080 4133 236
1125 4070 1183 4133 D
1233 4066 1396 4155 ἔργῳ
1439 4068 1558 4152 μὲν
1600 4109 1690 4118 --
1733 4061 1905 4157 λόγῳ
1951 4069 2060 4149 66,-
2103 4072 2286 4153 priori
2330 4073 2605 4137 membro
2652 4072 2825 4136 addi-

374 4180 523 4239 ·tum
584 4179 679 4239 est
740 4176 1116 4240 eontrarium
1173 4173 1354 4261 κοινῇ
1413 4173 1532 4256 μὲν
1578 4214 1661 4223 -—-
1708 4170 1850 4262 ἰδίᾳ
1895 4175 2005 4254 δέ;
2063 4178 2379 4258 posteriori
2439 4166 2475 4239 ὅ
2518 4199 2586 4240 τε
2632 4168 2825 4257 νόμος
