3250 4700
1634 149 1717 210 20

455 375 613 438 quae
658 359 725 422 in
773 355 999 439 Gorgia
1044 358 1284 440 dialogo
1330 361 1392 423 et
1437 359 1501 421 in
1549 358 1869 441 Symposio
1928 361 2330 441 impugnatur
2386 361 2623 427 ratione
2667 364 2903 444 optime

428 465 752 528 convenit.
2451 457 2455 461 ’

628 570 848 652 Itaque
906 589 1051 635 cum
1107 572 1240 634 iure
1298 571 1419 635 dici
1463 573 1688 652 possit,
1750 575 1810 635 et
1852 572 2275 654 Thucydidem
2334 576 2396 638 et
2452 574 2517 638 in
2561 573 2901 638 Menexeno

455 673 773 740 Socratem
817 678 1274 741 contionantem
1319 675 1545 758 Gorgia
1588 679 1889 758 magistro
1934 697 2077 742 usos
2124 697 2285 755 esse,
2344 698 2609 760 cumque
2653 680 2900 763 Thucy-

453 781 624 847 dides
671 784 735 846 in
767 782 1004 862 dialogo
1049 802 1158 864 per
1186 782 1487 847 Periclem
1532 786 2029 865 repraesentetur
2075 784 2249 865 isque
2281 802 2474 865 aeque
2507 804 2579 848 ac
2612 785 2893 850 Socrates

448 890 712 971 Aspasia
769 891 985 953 utatur
1028 889 1328 969 magistra
1350 937 1364 965 ,
1428 891 1738 970 sequitur,
1799 893 1871 953 ut
1915 891 2163 954 nomine
2210 891 2503 972 Aspasiae
2565 892 2899 972 obtegatur

453 993 712 1076 Gorgias
760 994 857 1058 vel
913 995 1044 1059 eius
1093 996 1318 1058 schola.
1409 993 1614 1074 Quam
1678 996 2195 1077 comparationem
2250 996 2449 1077 neque
2505 997 2583 1059 ab
2628 997 2897 1076 Aspasia

449 1119 648 1182 neque
697 1119 733 1163 a
781 1099 1010 1182 Gorgia
1055 1101 1325 1165 alienam
1371 1120 1522 1177 esse,
1576 1101 1842 1165 breviter
1888 1101 2310 1183 exponendum
2356 1105 2465 1166 est.

626 1208 718 1270 Ac
775 1207 1049 1288 primum
1109 1206 1264 1270 nihil
1321 1207 1787 1289 contemptionis
1861 1208 1923 1269 in
1992 1226 2059 1270 eo
2116 1208 2365 1289 reperiri
2431 1210 2658 1290 potest,
2728 1208 2891 1288 quod

451 1310 709 1395 Gorgias
725 1361 739 1390 ,
805 1313 880 1378 de
925 1332 1044 1395 quo
1089 1312 1266 1376 Plato
1324 1313 1461 1376 aliis
1521 1313 1669 1376 locis
1716 1331 1859 1376 cum
1906 1314 2113 1394 aliqua
2170 1313 2557 1377 observantia
2600 1315 2891 1394 loquitur,

446 1420 692 1483 nomine
738 1419 1037 1501 Aspasiae
1081 1418 1460 1493 occultatur3
1523 1437 1673 1480 nam
1719 1421 1851 1482 erat
1911 1418 2143 1482 femina
2187 1420 2427 1499 ingenio
2475 1421 2537 1482 et
2582 1419 2887 1482 suavitate

447 1526 706 1606 insignis
725 1572 740 1602 ,
784 1543 985 1606 neque
1033 1527 1156 1600 est,
1204 1543 1314 1587 cur
1359 1543 1430 1588 ea
1475 1525 1679 1606 potius
1726 1525 2009 1604 vulgares
2055 1524 2406 1588 laudatores
2452 1527 2885 1606 repraesentet.

447 1629 647 1694 Immo
706 1633 885 1710 grata
941 1631 1074 1694 eius
1136 1630 1368 1694 indoles
1417 1649 1608 1711 aeque
1668 1649 1740 1694 ac
1797 1649 2024 1694 nomen
2067 1631 2354 1712 vitaeque
2400 1630 2671 1694 condicio
2729 1631 2890 1695 bene

445 1738 726 1803 convenit
769 1755 914 1800 cum
961 1755 1034 1800 ea
1071 1737 1390 1812 rhetorica,
1436 1737 1612 1799 cuius
1660 1739 1754 1800 est
1798 1726 1967 1821 πρὸς
2010 1723 2238 1822 ἡδονὴν
2283 1724 2619 1820 ὁρμᾶσθαι
2664 1739 2726 1800 et
2766 1759 2883 1816 χα-

447 1836 770 1926 ρίζεσθαι.
860 1841 1044 1906 Porro
1091 1861 1236 1905 cum
1297 1841 1363 1905 in
1409 1840 1637 1922 Gorgia
1686 1841 1836 1923 (481
1888 1842 1945 1904 D
1980 1844 2095 1926 sq.)
2146 1861 2216 1905 ea
2262 1843 2451 1917 ratic,
2509 1862 2667 1924 quae
2726 1843 2887 1906 inter

446 1952 749 2012 oratorem
793 1951 856 2013 et
911 1948 1208 2030 populum
1255 1947 1608 2023 intercedit,
1667 1949 2008 2011 illustretur
2063 1949 2325 2024 ratione,
2372 1967 2530 2028 quae
2576 1951 2670 2012 est
2725 1949 2891 2012 inter

445 2059 785 2118 amatorem
849 2057 912 2118 et
955 2071 1217 2135 puerum
1273 2071 1479 2117 amore
1523 2072 1781 2116 venereo
1826 2053 2119 2117 dilectum
2135 2100 2149 2127 ,
2207 2055 2295 2116 ita
2350 2057 2423 2117 ut
2477 2073 2657 2118 omne
2718 2055 2885 2118 illius

445 2160 724 2224 studium
769 2159 848 2223 ad
893 2159 1263 2241 placendum
1307 2161 1370 2222 et
1414 2158 1862 2223 assentandum
1898 2159 2261 2234 conferatur,
2306 2179 2429 2222 non
2474 2162 2583 2234 est,
2632 2179 2742 2224 cur
2772 2161 2891 2224 du-

442 2266 742 2341 bitemuS,
805 2266 955 2346 quin
1012 2264 1188 2329 Plato
1244 2265 1506 2346 Aspasia
1561 2284 1669 2347 pro
1732 2263 1959 2344 Gorgia
2036 2264 2115 2328 ad
2190 2265 2657 2329 similitudinem
2727 2267 2884 2329 ludi-

417 2356 722 2453 'magistri
765 2372 1018 2436 inducta
1063 2374 1223 2436 tecte
1258 2371 1584 2436 admonere
1630 2372 1892 2435 voluerit
1934 2372 2064 2435 ludi
2110 2373 2453 2435 amicarum
2501 2368 2877 2455 (παιδίσκαι

440 2472 865 2563 ἑταιροῦσαι),
925 2496 1110 2559 quem
1155 2477 1233 2541 ab
1279 2478 1542 2559 Aspasia
1597 2478 1885 2541 habitum
1932 2496 2065 2541 esse
2110 2480 2355 2541 constat
2377 2478 2462 2562 1);
2524 2498 2673 2541 nam
2720 2480 2883 2541 sicut

435 2585 576 2649 illae
623 2602 660 2647 a
705 2584 1005 2665 magistra
1051 2583 1434 2647 ornabantur
1477 2586 1540 2647 et
1583 2583 2078 2659 instruebantur,
2139 2586 2213 2646 ut
2272 2583 2418 2646 viris
2464 2584 2773 2665 placerent
2818 2588 2883 2647 et

434 2690 864 2755 blandirentur
886 2737 901 2766 ,
944 2690 1034 2753 ita
1082 2688 1340 2771 Gorgias
1385 2689 1717 2771 discipulos
1762 2688 2051 2752 omnibus
2098 2689 2339 2753 dicendi
2384 2690 2657 2752 artificiis
2704 2709 2881 2753 orna·

435 2798 540 2871 vit,
593 2796 817 2877 quibus
864 2796 1084 2877 populo
1127 2796 1365 2877 placere
1411 2798 1472 2858 et
1517 2796 1823 2859 assentari
1868 2797 2135 2876 possent.
2229 2794 2624 2879 Quamquam
2673 2799 2879 2859 nostro

435 2901 684 2983 quidem
733 2902 940 2965 sensui
985 2902 1130 2965 talis
1176 2901 1553 2982 comparatio
1600 2900 1882 2981 displicet
1927 2919 2120 2981 aeque
2166 2904 2350 2982 atque
2395 2902 2530 2977 illa,
2578 2920 2767 2981 quam
2812 2902 2873 2965 in

435 3006 662 3088 Gorgia
705 3008 1071 3071 invenimus,
1158 3006 1437 3087 Denique
1481 3006 1651 3069 fama
1696 3005 1832 3082 fuit,
1878 3007 2207 3088 Aspasiam
2254 3026 2397 3069 cum
2442 3007 2659 3069 multis
2691 3008 2880 3070 Athe-

429 3113 746 3177 niensibus
806 3112 880 3177 de
943 3113 1245 3176 rhetorica
1320 3131 1631 3176 sermones
1692 3113 2055 3187 contulisse,
2117 3130 2497 3193 quamquam
2564 3112 2696 3175 fieri
2752 3132 2871 3175 non

427 3222 645 3302 potest,
692 3222 764 3282 ut
802 3218 1074 3299 Lysicles
1120 3218 1329 3281 ovium
1374 3221 1680 3281 mercator
1719 3218 1797 3280 ab
1844 3218 1949 3280 illa
1980 3217 2261 3281 eruditus
2308 3221 2370 3282 et
2414 3237 2697 3281 summus
2743 3237 2876 3281 ora—

427 3328 522 3389 tor
580 3325 784 3389 factus
841 3326 953 3401 sit,
1030 3324 1094 3387 id
1155 3324 1317 3405 quod
1359 3324 1699 3386 Aeschines
1762 3322 2113 3387 Socraticus
2173 3326 2519 3388 narravisse
2578 3324 2772 3387 fertur
2791 3326 2872 3407 2);

425 3448 574 3493 nam
629 3430 936 3512 Lysiclem
993 3448 1118 3494 uno
1177 3447 1341 3492 anno
1407 3431 1545 3510 post
1600 3427 1851 3492 Periclis
1897 3432 2158 3494 mortem
2227 3430 2291 3492 in
2339 3428 2519 3492 Caria
2576 3430 2869 3495 occidisse

613 3658 651 3726 1)
701 3656 843 3713 Plut.
871 3658 1062 3713 Pericl.
1093 3658 1175 3713 24.
1237 3663 1430 3729 καίπερ
1457 3650 1522 3711 οὗ
1555 3664 1781 3725 κοσμίου
1816 3656 2174 3729 προεστῶσαν
2211 3661 2463 3729 ἐργασίας
2500 3650 2627 3710 οὐδὲ
2658 3657 2866 3727 σεμνῆς,-

424 3739 556 3797 οἷλλὰ
594 3744 881 3803 παιδίσκας
919 3742 1232 3817 ἑταιρούσας
1265 3751 1588 3817 τρέφουσαν.
1630 3776 1698 3785 --
1736 3747 1780 3814 2)
1818 3745 1991 3800 Schol.
2031 3746 2089 3798 in
2125 3744 2260 3799 Plat.
2298 3744 2507 3799 MeneX.
2564 3742 2873 3818 ἐπεγήματο

403 3832 483 3887 δὲ
521 3830 553 3899 ὴ
582 3826 853 3887 Ἀσπασία
895 3828 1034 3901 μετὰ
1082 3828 1179 3887 τὸν
1218 3832 1530 3903 Περικλέους
1566 3831 1822 3886 θάνατον
1860 3831 2123 3886 Λυσικλεῖ
2154 3832 2234 3900 τῷ
2267 3830 2745 3904 προβατοκαπήλῳ
2779 3838 2869 3885 καὶ

422 3921 482 3982 ἐξ
516 3915 678 3975 αὖτοῦ
715 3926 874 3992 ἔσχεν
918 3916 1034 3974 υἱὸν
1068 3915 1294 3990 ὀνόματι
1343 3918 1651 3993 Ποριστήν,
1703 3926 1793 3973 καὶ
1844 3916 1941 3973 τὸν
1979 3920 2253 3973 Λυσικλέα
2301 3919 2505 3993 ῥήτορα
2554 3917 2868 3975 δεινότατον

420 4008 880 4074 κατεσκευάσατο,
941 4004 1010 4067 ὦς
1058 4011 1329 4080 Αἰσχίνης
1383 4003 1413 4062 ὖ
1463 4006 1816 4081 Σωκρατικός.
1909 4010 2009 4063 Cui
2055 4010 2484 4064 narratiunculae
2530 4010 2681 4065 addit
2723 4010 2863 4064 Plut.

420 4098 610 4153 Pel'icl.
650 4099 735 4167 24,
774 4100 836 4152 3;
894 4103 952 4151 ἐν
989 4097 1050 4151 δὲ
1082 4098 1160 4165 τῷ
1198 4096 1483 4165 Μενεξένῳ
1526 4098 1606 4165 τῷ
1646 4095 1940 4153 Πλάτωνος
1976 4130 2045 4139 -
2079 4096 2342 4153 τοσοῦτόν
2386 4093 2437 4171 γ’
2470 4098 2708 4170 ἱστορίας
2755 4105 2869 4150 ἑνε-

421 4204 556 4247 στιν,
606 4179 689 4238 ὅτι
739 4183 904 4246 δόξαν
941 4187 1049 4255 εἶχε
1100 4181 1162 4239 τὸ
1209 4184 1430 4257 γύναιον
1478 4190 1566 4239 ἐπὶ
1619 4186 1873 4260 ῥητορικῇ
1916 4186 2128 4243 πολλοῖς
2164 4181 2481 4254 Ἀθηναίων
2530 4180 2746 4255 ὁμιλεῖν.
