3250 4700
163 2307 242 2393 «ἓ.
290 2306 407 2375 39.

1632 196 1713 259 58

455 408 742 473 Isocratis
788 411 850 471 et
891 408 1234 472 Aristotelis
1255 410 1302 491 ¹)
1365 409 1761 490 temporibus.
1847 408 2085 488 Quibus
2132 427 2515 492 quamquam
2560 429 2680 473 non
2724 409 2887 474 idem

453 515 644 578 honos
691 534 728 578 a
773 514 917 577 viris
962 513 1155 578 doctis
1201 514 1469 578 tributus
1517 517 1629 590 est,
1675 517 1891 579 tamen
1935 515 2068 579 fieri
2109 516 2323 597 potuit,
2378 517 2449 578 ut
2494 515 2658 598 apud
2700 533 2892 597 popu-

454 621 588 683 lum
631 639 738 702 per
781 622 1038 701 longum
1083 623 1326 703 tempus
1370 621 1642 684 multum
1687 621 1973 685 valerent.

635 724 924 790 Ceterum
974 727 1186 807 negari
1231 745 1352 790 non
1411 729 1645 809 potest,
1703 726 2114 791 imitationem
2172 746 2292 791 non
2339 746 2530 809 aeque
2584 727 2891 807 insignem

453 834 564 895 aut
607 831 1080 896 immoderatam
1126 851 1259 896 esse
1292 834 1477 914 atque
1508 833 1574 895 in
1595 833 1937 913 Agathonis
1968 833 2258 909 oratione,
2303 833 2478 897 cuius
2521 833 2588 896 in
2618 836 2888 897 extrema

453 940 625 1018 parte
671 939 825 1001 ratio
874 937 1133 1019 Gorgiea
1177 939 1240 1001 in
1283 938 1614 1002 ridiculum
1659 938 2075 1020 detorquetur.
2165 938 2475 1022 Imprimis
2521 939 2686 1003 enim
2732 939 2893 1002 anti-

454 1044 626 1108 theta
683 1044 888 1108 brevia
948 1047 1009 1108 et
1067 1063 1353 1126 expressa
1413 1044 1750 1127 eademque
1797 1064 1941 1109 cum
2002 1045 2218 1127 parisis
2272 1045 2595 1109 coniuncta
2653 1045 2718 1108 in
2762 1043 2893 1109 Me-

454 1169 684 1214 nexeno
731 1169 850 1214 non
894 1151 984 1215 ita
1027 1150 1377 1232 frequenter
1432 1151 1857 1225 inveniuntur;
1915 1151 2106 1214 immo
2152 1151 2393 1233 saepius
2439 1171 2537 1228 ec,
2598 1151 2760 1232 quod
2804 1152 2893 1214 al-

455 1256 673 1320 terutri
712 1256 989 1320 membro
1035 1256 1478 1322 antithetorum
1525 1257 1829 1336 contraria
1881 1256 2244 1327 secundaria
2304 1257 2753 1338 adiunguntur,
2798 1257 2889 1320 vis

455 1362 844 1444 oppositionis
876 1362 1323 1444 quodammodo
1369 1362 1589 1426 obtusa
1637 1365 1700 1426 et
1744 1362 2013 1427 emollita
2058 1365 2169 1427 est.
2247 1363 2384 1427 Hac
2430 1366 2641 1427 autem
2684 1363 2892 1427 mode-

455 1467 686 1532 ratione
747 1468 922 1533 Plato
966 1468 1208 1533 videtur
1262 1487 1413 1532 usus
1475 1487 1610 1532 esse
1629 1516 1644 1544 ,
1706 1469 1851 1549 quia
1908 1469 1974 1531 in
2019 1469 2353 1534 Menexeno
2410 1470 2590 1550 longe
2647 1469 2767 1533 alio
2822 1470 2890 1532 in

455 1576 819 1654 argumento
877 1575 1239 1638 versabatur
1301 1576 1486 1655 atque
1552 1574 1618 1637 in
1680 1574 2017 1656 symposi03
2086 1575 2294 1656 itaque
2356 1594 2462 1657 pro
2521 1575 2769 1656 lugubri
2829 1578 2890 1639 et

454 1679 626 1759 gravi
671 1679 958 1743 orationis
1003 1680 1263 1744 materia
1308 1679 1557 1744 illorum
1590 1680 1989 1744 artificiorum
2034 1698 2221 1744 usum
2268 1700 2305 1744 a
2348 1681 2690 1745 lascivitate
2722 1699 2895 1763 revo-

455 1785 618 1848 cavit
661 1785 742 1848 ad
787 1789 982 1850 certos
1028 1786 1198 1850 fines.
1265 1782 1626 1850 ‘Praeterea
1674 1786 1888 1867 negari
1930 1805 2052 1850 non
2109 1789 2338 1869 potest,
2404 1787 2889 1851 coniunctionem

453 1891 726 1973 partium
786 1891 1101 1956 meliorem
1161 1910 1293 1955 esse
1357 1910 1547 1973 quam
1607 1891 1673 1954 in
1714 1891 2053 1972 Agathonis
2115 1892 2387 1957 oratione
2445 1893 2765 1975 magisque
2822 1911 2894 1956 ex

455 1997 911 2061 sententiarum
969 1996 1354 2061 cohaerentia
1421 1999 1771 2079 repetitam.
1881 1997 2160 2078 Denique
2224 1998 2552 2061 imitationi
2616 2016 2739 2062 non
2804 1998 2891 2061 ita

455 2103 695 2166 studuit
738 2103 1128 2185 philosophus
1151 2150 1166 2178 ,
1211 2105 1284 2166 ut
1328 2123 1452 2168 non
1496 2102 1811 2168 interdum
1855 2104 2098 2167 nativae
2143 2103 2382 2167 dicendi
2425 2103 2647 2167 rationi
2692 2103 2895 2168 indul-

454 2210 641 2289 geret,
687 2208 751 2272 id
796 2208 956 2289 quod
1002 2229 1034 2272 e
1079 2209 1271 2273 libera
1317 2209 1778 2273 enuntiatorum
1823 2209 2259 2290 compositione
2304 2209 2519 2274 elucet.

633 2313 940 2403 Quoniam
995 2317 1299 2397 quantum
1360 2315 1674 2398 potuimus
1734 2315 2008 2396 singulas
2052 2315 2373 2380 Menexeni
2430 2317 2635 2399 partes
2692 2316 2896 2399 expla-

457 2422 758 2496 navimUS,
805 2440 1120 2485 summam
1162 2422 1385 2503 dialogi
1428 2422 1639 2504 paucis
1683 2422 2182 2487 circumscribere
2225 2422 2425 2486 liceat.
2518 2422 2632 2485 Est
2677 2425 2889 2487 autem

456 2529 641 2592 haec:
679 2527 866 2595 ‚Plato
898 2530 1227 2611 postquam
1270 2529 1337 2590 in
1370 2525 1594 2609 Gorgia
1625 2547 1772 2591 cum
1802 2528 2093 2592 Leontino
2133 2528 2384 2609 eiusque
2417 2528 2892 2592 assectatoribus

457 2636 768 2699 notionem
801 2634 925 2698 sive
957 2634 1162 2698 ideam
1193 2634 1528 2698 rhetoricae
1560 2634 1822 2698 blandae
1853 2634 2192 2715 explicavit,
2238 2634 2303 2698 in
2333 2634 2662 2698 Menexeno
2696 2634 2894 2715 sophi-

457 2742 589 2804 stae
621 2740 1007 2823 disciplinam
1053 2758 1125 2803 ac
1151 2729 1396 2804 ‘dicendi
1426 2740 1727 2828 rationem
1772 2739 2120 2815 adumbrat,
2169 2758 2359 2820 quam
2398 2739 2464 2802 in
2507 2740 2609 2803 illo
2652 2740 2890 2821 dialogo

456 2865 579 2909 non
623 2846 742 2909 nisi
773 2846 1004 2926 aliquot
1048 2845 1466 2939 imitamentis·
1497 2845 1745 2909 insertis
1790 2845 2097 2926 tetigerat.
2173 2844 2377 2923 Quam
2406 2864 2539 2909 rem
2576 2845 2772 2910 iocose
2803 2845 2889 2909 ita

454 2951 742 3026 instituit,
771 2954 844 3015 ut
869 2939 1181 3016 Socratem
1210 2951 1466 3015 inducat
1497 2951 1913 3025 simulantem,
1948 2970 2013 3015 se
2030 2951 2326 3033 Aspasiae
2353 2951 2674 3033 disciplina
2704 2971 2891 3015 usum

457 3058 536 3121 ab
583 3075 775 3138 eaque
806 3057 1068 3121 blandae
1111 3057 1276 3121 illius
1323 3059 1509 3139 atque
1540 3059 1833 3122 venustae
1878 3057 2261 3139 eloquentiae
2306 3058 2562 3122 artificia
2607 3058 2891 3122 edoctum

457 3182 608 3229 esse.
679 3162 775 3226 Ita
819 3165 1218 3245 praeparatus
1263 3161 1596 3228 Menexeno
1644 3163 1847 3227 adhuc
1890 3163 2267 3246 philosophia
2315 3164 2551 3227 imbuto
2584 3163 2894 3228 declama-

456 3269 687 3334 tionem
733 3267 811 3332 ad
856 3269 1115 3333 verbum
1161 3268 1278 3332 sibi
1320 3268 1698 3333 inculcatam
1742 3268 1991 3345 recitat,
2046 3288 2235 3350 quam
2278 3269 2457 3350 fingit
2514 3288 2551 3332 a
2593 3268 2890 3350 magistra
2943 3336 2948 3339 ,

457 3394 490 3438 e
534 3375 682 3440 locis
730 3377 910 3439 antea
955 3374 1268 3457 usurpatis
1315 3374 1440 3438 sive
1472 3374 1905 3439 communibus
1951 3378 2013 3440 et
2055 3375 2331 3457 partibus
2379 3375 2890 3457 extemporalibus

457 3475 945 3561 conglutinatam
991 3499 1142 3545 esse.
1220 3479 1482 3545 Summa
1525 3479 1717 3561 igitur
1759 3481 1957 3563 operis
2004 3484 2100 3545 est
2146 3475 2483 3559 ἐπίδειξις,
2532 3482 2781 3563 qualem
2824 3482 2891 3545 in

456 3585 626 3650 initio
673 3585 932 3667 Gorgiae
965 3586 1190 3668 dialogi
1235 3605 1271 3650 a
1317 3587 1592 3669 sophista
1638 3587 1917 3651 habitam
1962 3606 2095 3651 esse
2142 3586 2398 3669 scriptor
2440 3588 2634 3668 fingit.
2712 3587 2891 3651 Hanc

457 3694 670 3756 autem
712 3692 1090 3757 Menexenus
1138 3693 1298 3757 sicut
1342 3693 1678 3775 discipulus
1733 3692 2073 3757 rhetoricus
2119 3693 2336 3757 eadem
2382 3672 2783 3758 admiratione
2830 3697 2891 3758 et

455 3798 797 3862 reverentia
843 3798 1263 3881 prosequitur,
1329 3818 1452 3879 qua
1506 3799 1572 3862 in
1618 3797 1845 3878 Gorgia
1893 3796 2171 3863 Callicles
2218 3799 2731 3864 declamationem
2792 3818 2895 3863 ac-

457 3907 719 3987 ceperat.
811 3902 985 3969 Sicut
1030 3907 1240 3968 autem
1295 3904 1360 3967 in
1417 3908 1590 3986 parte
1647 3904 1945 3984 dialogica
1988 3902 2247 3985 Gorgiae
2294 3904 2611 3988 disciplina
2672 3905 2892 3969 adum—

637 4152 677 4217 1)
713 4150 868 4206 Rhet.
905 4150 1004 4217 HI,
1035 4152 1081 4219 l,
1119 4168 1169 4220 p.
1194 4149 1322 4203 122:
1360 4143 1609 4214 ποιητικὴ
1647 4145 1834 4219 πρώτη
1873 4154 2086 4221 ἐγένετο
2110 4148 2258 4213 λέξις,
2300 4150 2415 4204 οἷον
2452 4144 2484 4217 ἡ
2514 4155 2763 4222 Γοργίου·
2802 4157 2893 4203 καὶ

455 4236 554 4289 νῦν
591 4240 672 4289 ἔτι
711 4236 766 4289 οἱ
784 4236 971 4291 πολλοὶ
993 4238 1106 4290 τῶν
1141 4232 1484 4291 ἀπαιδεύτων
1517 4232 1640 4293 τοὺς
1674 4235 1947 4294 τοιούτους
1984 4238 2190 4291 οἴονται
2217 4238 2582 4312 διαλέγεσθαυ
2616 4238 2889 4293 κάλλιστα.
