3250 4700
1601 224 1644 285 4

399 457 569 516 μαι.
641 473 722 482 --
791 436 1031 500 Mencx.
1089 437 1216 499 249
1266 433 1346 498 C:
1413 421 1985 520 ἀπολοφυράμενοι
2040 420 2259 498 ἔπιτε.
2364 435 2553 498 Thuc.
2599 437 2719 511 46,
2767 437 2849 498 2:

402 527 973 628 ἀπολοφυράμενοι
1023 528 1441 626 ἀποχωρεῖτε.

508 687 526 706 x
579 648 906 712 Praeterea
953 649 1007 712 si
1052 647 1204 711 alios
1249 647 1446 728 operis
1491 646 1870 728 Thucydidei
1927 647 2089 710 locos
2135 666 2489 729 comparare
2535 647 2708 723 licet,
2764 648 2849 712 si-

398 754 810 818 militudinem
842 753 1115 834 aliquam
1144 753 1492 817 invenimus
1521 752 1759 817 MeneX.
1794 753 1920 816 238
1956 742 2058 816 O?
2081 750 2268 815 καλεῖ
2311 748 2385 816 δὲ
2432 741 2467 816 ὁ
2497 749 2618 834 μὲν
2648 739 2849 839 αὐτὴν

399 854 850 944 δημοκρατίαν,
883 847 934 929 Ιὁ
980 855 1054 922 δὲ
1093 844 1253 922 ἷὶλλο
1287 895 1368 904 ——
1403 852 1543 922 ἔστι
1590 854 1665 920 δὲ
1708 855 1785 944 τῇ
1829 845 2110 943 ἀληθείᾳ
2151 844 2292 938 μετ’
2334 844 2626 936 εὗδοξίας
2668 851 2848 946 πλή-»

398 969 564 1041 &ovs
619 951 1098 1050 ἀριστοκρατία,
1157 967 1220 1029 et
1261 964 1453 1028 Thuc.
1501 966 1559 1039 2,
1609 965 1713 1039 65,
1758 965 1830 1027 9:
1891 959 2173 1048 ἐγίγνετο
2226 953 2397 1049 λόγῳ
2455 962 2575 1047 μὲν
2636 965 2837 1052 δημο-

397 1068 647 1156 κρατία,
709 1065 870 1157 ἔργῳ
929 1066 1004 1134 δὲ
1063 1059 1196 1133 ὑπὸ
1251 1066 1366 1133 τοῦ
1420 1059 1685 1154 πρώτου
1740 1057 1970 1154 ἀνδρὸς
2027 1056 2203 1156 ἀρχή.
2317 1071 2599 1153 Denique
2656 1073 2847 1136 verbo»

397 1168 685 1259 κάμπτω
738 1180 1000 1259 uterque
1059 1177 1273 1242 eodem
1349 1195 1533 1240 sensu
1592 1177 1969 1240 translaticio
2024 1196 2179 1240 usus
2240 1181 2365 1253 est,
2425 1197 2614 1259 quam
2672 1179 2837 1260 apud

395 1284 819 1366 Thucydidem
864 1284 1047 1347 Blass
1093 1283 1344 1347 denotat
1363 1282 1441 1366 1):
1511 1282 1749 1347 Menex.
1798 1283 1925 1345 245
1973 1284 2045 1345 A.
2093 1282 2283 1347 Thuc.
2332 1285 2391 1359 3,
2440 1285 2541 1360 58,
2592 1287 2648 1347 1.
2726 1283 2847 1349 Ge·-

396 1394 599 1455 terum
643 1391 758 1454 sub
789 1391 993 1454 oculos
1038 1389 1222 1464 cadit,
1263 1406 1456 1469 paene
1497 1389 1786 1452 omnibus
1818 1407 1969 1469 quos
2000 1389 2175 1453 Plato
2221 1389 2504 1453 imitatus
2548 1393 2643 1455 est
2685 1391 2841 1455 locis

396 1497 700 1560 antitheta
742 1496 962 1560 inesse.

570 1602 654 1665 Hi
708 1603 833 1666 fere
866 1604 1026 1666 sunt
1087 1600 1202 1664 loci
1245 1599 1568 1664 Menexeni
1583 1647 1598 1674 ,
1662 1599 1769 1680 qui
1826 1600 1904 1663 ad
1948 1600 2370 1681 Thucydidem
2430 1605 2705 1683 spectare
2748 1603 2845 1666 vi-

395 1709 636 1772 dentur.
727 1707 848 1786 Qui
893 1707 1176 1788 quamvis
1233 1705 1414 1788 pauci
1465 1706 1589 1769 sint
1650 1707 1713 1770 et
1757 1705 1976 1770 leniter
2032 1709 2281 1769 tantum
2325 1707 2513 1770 verba
2559 1708 2833 1772 historici

393 1817 708 1890 resonent,
763 1817 973 1878 tamen
1033 1831 1104 1876 ex
1143 1812 1218 1875 iis
1265 1812 1546 1892 cognosci
1603 1815 1831 1893 potest,
1894 1811 2216 1876 Platonem
2261 1811 2633 1894 Thucydidis
2679 1833 2839 1896 opus

391 1920 724 2002 inspexisse
770 1937 1063 2000 eumque,
1118 1918 1228 1980 ubi
1273 1917 1348 1982 de
1394 1917 1645 1995 Periclis
1709 1918 1976 1981 oratione
2034 1917 2278 1982 funebri
2334 1921 2397 1982 et
2440 1918 2516 1982 de
2556 1919 2839 2000 reliquiis

391 2026 522 2090 eius
595 2019 1096 2109 (περιλείμματα
1156 2024 1284 2087 236
1329 2023 1410 2107 Β)
1475 2023 1810 2104 significat,
1876 2025 2118 2087 nullum
2185 2023 2305 2087 nisi
2362 2024 2829 2106 Thucydideum

391 2132 773 2214 epitaphium
812 2131 880 2193 in
925 2130 1132 2193 animo
1163 2130 1470 2194 habuisse.
1547 2128 1818 2192 Imitatio
1866 2133 2077 2193 autern
2120 2131 2397 2194 consulto
2442 2149 2551 2212 per
2579 2151 2835 2196 omnem

391 2238 726 2302 orationem
770 2236 1055 2300 instituta
1098 2235 1219 2299 illis
1264 2233 1534 2300 flosculis
1580 2235 1823 2317 probari
1868 2254 1989 2299 non
2033 2239 2251 2318 potest.
2319 2219 2324 2222 ⁷

567 2343 768 2407 Immo
836 2342 1170 2419 sententia,
1238 2342 1563 2406 consilium
1632 2341 2099 2424 argumentique
2166 2343 2477 2425 dispositio
2537 2343 2835 2409 orationis

391 2450 742 2515 Platonicae
799 2468 1044 2531 prorsus
1105 2449 1392 2513 abhorret
1449 2468 1486 2511 a
1541 2448 1954 2530 Thucydidea.
2067 2449 2345 2513 Laudem
2406 2451 2573 2514 enim
2632 2451 2833 2527 Plat0,

393 2557 554 2621 sicut
600 2556 836 2639 LysiaS,
884 2555 1190 2619 narrando
1236 2554 1506 2637 peragit,
1553 2555 1659 2636 qui
1704 2558 1799 2619 est
1854 2555 2075 2619 modus
2121 2555 2382 2633 facilior,
2438 2557 2834 2639 Thucydides

391 2666 603 2727 autem
649 2661 1041 2727 describendo
1086 2660 1353 2724 civitatis
1400 2664 1570 2725 statu
1635 2655 1967 2742 (πολιτεία
2010 2658 2123 2723 καὶ
2167 2651 2469 2746 τρόποι),
2529 2682 2686 2744 quae
2732 2668 2836 2727 est-

388 2768 544 2831 ratio
586 2768 766 2849 longe
798 2766 1176 2856 difficillima.
1243 2766 1326 2830 Et
1357 2767 1642 2847 quamvis
1675 2769 1937 2848 utraque
1968 2768 2159 2830 oratio
2191 2768 2348 2831 duas
2378 2768 2515 2831 illas
2548 2770 2827 2832 omnium

389 2874 833 2955 epitaphiorum
877 2876 1082 2955 partes
1127 2872 1427 2947 exhibeat,
1475 2865 1746 2935 ἔπαινον
1789 2864 1852 2936 et
1882 2867 2283 2957 παραίνεσιν,
2328 2876 2543 2938 tamen
2580 2877 2834 2938 senten-

388 2980 512 3044 tiae
581 2978 798 3061 prioris
860 2978 1053 3060 partis
1111 2996 1447 3059 earumque
1506 2978 1653 3041 ordo
1718 2978 1786 3041 in
1842 2977 2177 3043 Menexeno
2246 2980 2422 3060 longe
2482 2979 2601 3042 alia
2658 2983 2825 3044 sunt.

388 3086 653 3150 Pericles
701 3085 865 3149 enim
921 3084 988 3147 in
1033 3084 1230 3165 priore
1275 3087 1449 3165 parte
1507 3083 1582 3165 (c.
1632 3084 1919 3167 36—42)
1979 3084 2313 3147 maioribus
2370 3086 2636 3150 breviter
2693 3087 2831 3149 lau-

389 3192 580 3267 datis,
631 3191 856 3255 statim
899 3190 1098 3273 pergit
1159 3190 1237 3253 ad
1285 3208 1598 3281 summam
1662 3190 1703 3251 i.
1748 3208 1800 3253 e.
1862 3190 1941 3252 ad
1986 3189 2385 3254 describenda
2429 3192 2717 3255 instituta
2762 3194 2829 3255 ct

386 3316 616 3373 mores3
679 3296 897 3361 deinde
957 3295 1186 3359 milites
1245 3296 1474 3359 occisos
1536 3294 1934 3376 depingendis
1980 3295 2203 3359 animis
2261 3298 2323 3359 et
2367 3298 2676 3362 mentibus
2723 3298 2833 3361 de-

386 3422 522 3467 core
566 3403 798 3466 laudat.
878 3401 1014 3482 Qua
1060 3402 1139 3464 ab
1185 3400 1578 3482 dispositione
1623 3399 1943 3464 Platonica
1961 3448 1976 3474 ,
2037 3420 2228 3482 quam
2271 3401 2431 3465 infra
2475 3404 2824 3467 accuratius

385 3509 766 3585 definiemuS,
811 3508 990 3591 plane
1034 3507 1274 3572 diversa
1320 3509 1432 3573 est.
1519 3506 1728 3569 Etiam
1771 3506 1839 3569 in
1877 3509 2072 3571 altera
2116 3510 2308 3589 parte,
2358 3509 2639 3589 quamvis
2687 3529 2831 3574 sen-

383 3614 612 3679 tentiae
659 3615 934 3695 aliquam
965 3613 1436 3677 similitudinem
1469 3612 1813 3688 exhibeant,
1855 3612 2128 3678 ordinem
2174 3632 2211 3676 a
2242 3613 2598 3695 Thucydide
2645 3634 2825 3679 usur—

383 3726 600 3803 patum
656 3738 694 3783 a
754 3719 1006 3785 Platone
1062 3722 1378 3783 mutatum
1422 3738 1556 3785 esse
1574 3766 1589 3794 ,
1646 3718 1823 3783 facile
1879 3718 2151 3799 intellegi
2210 3722 2427 3801 potest.
2540 3703 2828 3803 Denique

382 3826 652 3909 partium
697 3825 1039 3907 descriptiO,
1085 3826 1334 3907 qualem
1376 3824 1554 3888 Plato
1599 3825 1664 3887 in
1710 3824 1949 3888 exordio
1993 3824 2352 3906 praemittit,
2398 3825 2464 3888 in
2512 3826 2825 3911 epitaphio

381 3931 772 4013 Thucydideo
817 3930 1123 3994 invenitur
1180 3931 1386 4005 nulla;
1442 3948 1591 3993 nam
1638 3931 1825 3995 verba
1884 3948 2041 4011 quae
2098 3930 2361 4011 legimus
2408 3950 2459 3995 c.
2508 3933 2623 3995 36:
2681 3918 2826 3995 ἀπὸ

382 4034 457 4101 δὲ
505 4038 647 4113 οἵας
690 4058 760 4101 τε
804 4025 1278 4121 ἐπιτηδεύσεως
1323 4072 1404 4081 -
1451 4032 1654 4097 ταῦτα
1698 4025 1995 4121 δηλώσας
2038 4031 2300 4121 πρῶτον
2357 4026 2494 4119 εἶμι
2539 4033 2819 4133 καὶμέπὶ

560 4266 599 4335 1)
634 4266 678 4334 1,
719 4266 836 4322 206.
