3250 4700
1521 256 1667 318 13·

329 470 394 530 et
453 466 787 531 virtutibus
845 485 1136 549 exponere
1203 485 1276 530 ac
1328 465 1685 554 >praedicare
1742 465 1950 530 minus
2002 469 2193 530 curet.
2306 467 2407 531 Ita
2468 467 2658 532 etiam
2717 469 2781 530 in

334 573 665 636 Menexeno
711 572 883 636 deest
926 576 1311 635 mortuorum
1357 571 1681 652 descriptio
1708 572 1777 653 ¹),
1824 591 1938 635 nec
1983 572 2189 636 minus
2224 571 2518 653 Gorgiam
2550 573 2785 655 Diony·

341 679 470 742 sius
517 681 578 742 et
624 678 1034 742 Philostratus
1062 679 1109 760 2)
1155 681 1466 742 testantur
1510 679 1574 740 in
1620 677 1925 759 epitaphio
1968 678 2312 758 generatim
2356 679 2431 743 de
2476 679 2777 743 militibus

333 785 402 847 in
448 783 626 848 bellis
672 784 888 848 occisis
920 783 1301 848 disseruisse.
1378 783 1562 848 Porro
1608 783 1807 847 verbis
1852 781 1985 845 καὶ
2028 774 2126 846 τὰ
2173 775 2598 869 προσόντα
2644 785 2779 848 καὶ

331 913 370 952 τ
389 879 431 951 ὰ
475 880 577 975 μὴ
625 887 778 973 περὶ
827 880 1103 952 ἑκάστου
1144 885 1435 973 λέγοντες
1494 889 1560 952 in
1614 889 1981 953 memoriam
2038 893 2357 954 revocatur
2399 891 2569 955 locus
2614 911 2782 972 sym-

333 996 488 1077 posii
507 1043 522 1069 ‚
584 997 648 1058 in
706 1015 825 1076 quo
869 995 1210 1076 Agathonis
1267 995 1655 1058 oratiuncula
1715 995 1794 1058 ad
1853 995 2163 1077 exemplar
2217 994 2553 1076 Gorgieum
2613 997 2779 1061 facta

337 1105 690 1166 recensetur
738 1103 863 1165 198
895 1101 946 1163 E
996 1086 1068 1164 οὗ
1110 1097 1301 1163 τοῦτο
1349 1100 1459 1182 (sc.
1493 1088 1752 1186 τάληθῆ
1794 1096 2025 1184 λέγειν)
2083 1085 2159 1185 ἦν
2199 1091 2276 1164 τὸ
2322 1098 2537 1178 καλῶς
2582 1099 2779 1165 ἐπαι-

334 1209 460 1270 νεῖν
507 1195 753 1285 ὁτιοῦν,
802 1193 966 1269 ἀλλὰ
1010 1196 1088 1268 τὸ
1133 1194 1222 1282 ὠς
1263 1202 1544 1290 μέγιστα
1587 1192 1973 1269 ἀνατιθέναι
2016 1202 2110 1292 τῷ
2155 1197 2494 1292 πράγματι
2533 1206 2646 1271 καὶ
2693 1197 2788 1284 ὡς

333 1303 682 1389 κάλλιστα,
747 1303 886 1375 ἐάν
930 1334 1012 1375 τε
1055 1295 1096 1398 ᾖ
1143 1299 1394 1388 οὕτως
1447 1306 1768 1390 ἔχοντα,
1827 1302 1961 1374 ε’άν
2004 1333 2088 1375 τε
2130 1303 2265 1398 μή·
2329 1307 2385 1375 εὶ
2432 1309 2506 1376 δὲ
2552 1310 2779 1400 ψευδῆ,

335 1405 517 1482 ουδὲν
545 1401 714 1503 ἆρ’ς
679 1441 752 1504 ην
793 1409 870 1480 τὸ
915 1414 1214 1503 πρᾶγμα.
1287 1417 1608 1482 Sententia
1656 1421 1866 1534 autem
1908 1418 2127 1482 eadem
2159 1421 2254 1482 est
2285 1420 2516 1500 atque
2500 1440 2564 1482 m
2608 1419 2789 1484 initio

329 1525 662 1606 fragmenti
707 1524 999 1607 epitaphii
1034 1523 1314 1604 Gorgiei·
1376 1517 1446 1586 τί
1491 1513 1610 1607 γὰρ
1656 1509 1833 1610 απῆν
1874 1525 2015 1599 τοῖς
2058 1509 2326 1641 ἆνδράσι
2372 1515 2643 1602 τούτοις,
2693 1548 2789 1588 ων

341 1629 439 1693 δεῖ
481 1617 755 1714 ἆνδράσι
810 1631 1297 1714 προσεῖναι,·
1353 1624 1422 1691 τί
1465 1625 1540 1692 δὲ
1600 1626 1712 1692 καὶ
1776 1626 2056 1714 προσῆν,
2114 1653 2202 1692 ων
2258 1616 2345 1692 οἷ·
2404 1629 2530 1694 δεῖ
2574 1653 2789 1715 προ-

337 1756 421 1799 σε
447 1738 476 1799 ἶ
492 1759 729 1814 ναις
699 1735 865 1799 Nam
911 1737 964 1798 si
1008 1735 1166 1799 nihil
1199 1736 1386 1810 deest,
1433 1735 1597 1816 quod
1626 1735 1772 1798 viris
1818 1735 2017 1800 inesse
2051 1735 2248 1811 debet,
2294 1755 2409 1800 nec
2442 1737 2781 1818 quidquam

335 1843 526 1917 inest,
573 1841 736 1924 quod
779 1843 981 1905 inesse
1025 1860 1148 1905 non
1195 1841 1406 1916 debet,
1471 1860 1717 1923 prorsus
1763 1841 1970 1904 omnia
2025 1835 2361 1906 laudabilia
2407 1842 2481 1906 de
2528 1843 2615 1906 eis
2661 1844 2781 1907 dici

329 1957 619 2030 possunt:
689 1945 803 2010 καὶ
872 1937 954 2009 τὰ
1015 1937 1346 2032 προσόντα
1408 1944 1519 2008 καὶ
1582 1937 1689 2009 τὰ.
1720 1935 1830 2032 μή.
1936 1947 2216 2011 Eandem
2285 1948 2349 2011 in
2412 1949 2782 2013 sententiam

330 2053 560 2135 optime
602 2053 869 2133 quadrat
910 2054 1080 2116 locus
1127 2053 1231 2134 qui
1277 2055 1374 2116 est
1429 2053 1496 2116 in
1540 2051 1820 2116 Phaedro
1868 2054 1995 2116 267
2028 2056 2115 2116 A:
2186 2048 2459 2135 (Τισίας
2512 2048 2795 2140 Γοργίαι,

334 2152 426 2242 τε)
473 2148 606 2275 πρὸ
633 2155 762 2220 τῶν
801 2144 1069 2244 ἀληθῶν
1109 2148 1191 2221 τὰ
1235 2148 1459 2221 εἰκότα
1503 2147 1681 2222 εἶδον
1724 2146 1814 2233 ὦς
1856 2155 2130 2244 τιμητέα
2171 2155 2417 2239 μᾶλλον
2459 2149 2541 2222 τά
2585 2181 2655 2222 τε
2701 2144 2780 2222 αἶ

333 2254 573 2348 σιιικρὰ
638 2254 888 2349 μεγάλα
955 2261 1067 2326 καὶ
1141 2253 1223 2326 τὰ
1237 2237 1531 2349 μεγάλα
1585 2253 1830 2347 σμικρὰ
1902 2257 2266 2351 φαίνεσθαι
2335 2262 2608 2329 ποιοῦσι
2668 2256 2785 2328 διὰ

337 2362 552 2456 ῥώμην
598 2360 807 2455 λόγου.

514 2477 650 2541 Hoc
696 2478 826 2541 loco
871 2477 1340 2541 commemorari
1403 2476 1585 2541 liceat
1630 2476 1953 2541 Platonem
1997 2478 2215 2541 vocula
2260 2471 2569 2561 θεραπίς,
2621 2497 2783 2559 quae

328 2580 454 2647 'nisi
499 2584 614 2647 hoc
657 2584 786 2647 loco
843 2602 967 2647 non
1021 2582 1356 2659 invenitur,
1422 2583 1638 2647 eodem
1694 2602 1881 2647 sensu
1940 2583 2320 2647 translaticio
2380 2602 2567 2647 usum
2628 2603 2779 2658 esse,

339 2708 526 2770 quem
571 2689 752 2752 Blass
769 2690 819 2772 3)
868 2689 1033 2770 apud
1080 2686 1373 2769 Gorgiam
1420 2688 1598 2769 q‘uasi
1644 2707 1875 2751 novum
1920 2688 2204 2764 denotat,
2267 2689 2503 2753 Menex.
2552 2689 2682 2752 244
2729 2689 2790 2753 1⁴2-

333 2784 394 2879 (ἡ
444 2785 664 2877 πόλις)
727 2789 841 2857 τοῦ
884 2782 1146 2879 ἥττονος
1203 2788 1514 2880 θεραπίς,
1586 2794 1662 2857 cf.
1720 2792 1903 2875 Gorg.
1949 2794 2109 2876 Epit.
2189 2784 2593 2877 θεράποντες
2646 2790 2777 2857 τῶν

333 2886 578 2975 ἀδίκως
622 2890 1109 2981 δυστυχούντων.

511 3005 745 3070 Deinde
793 3006 956 3087 quod
999 3006 1226 3070 attinet
1270 3005 1348 3068 ad
1395 3004 1685 3070 effectum
1728 3006 1795 3069 in
1842 3005 2119 3069 auditore
2164 3006 2564 3088 conspicuum
2581 3054 2596 3081 ‚
2648 3007 2793 3069 lau-

335 3112 683 3175 dationibus
731 3130 768 3175 a
801 3111 1051 3176 Socrate
1095 3111 1368 3175 maxima
1413 3130 1610 3192 neque
1655 3111 1859 3174 minor
1894 3112 1985 3175 vis
2036 3111 2333 3175 tribuitur
2376 3130 2467 3187 ea,
2516 3130 2675 3193 quae
2719 3112 2789 3175 in

337 3218 643 3299 symposio
687 3216 1028 3297 Agathonis
1074 3216 1507 3281 declamationi
1554 3216 1961 3282 adiudicatur.
2034 3216 2123 3281 ef.
2155 3217 2394 3282 MeneX.
2443 3219 2571 3281 235
2596 3218 2651 3280 Β
2688 3237 2779 3299 sq.

338 3310 538 3398 ου’τιυς
583 3316 842 3398 ἔναυλος
887 3310 922 3384 ὃ
950 3312 1144 3406 λόγος
1185 3344 1255 3385 τε
1295 3320 1406 3384 καὶ
1449 3312 1753 3409 φθόγγος
1782 3312 1965 3407 παρὰ
2009 3319 2125 3385 τοῦ
2168 3318 2466 3406 λέγοντος
2497 3311 2783 3385 ἐνδυεται

333 3422 428 3503 εἷς
471 3417 552 3490 τὰ
597 3450 750 3506 ωτα,
801 3415 968 3491 ὥστε
1010 3417 1204 3511 μόγις
1246 3417 1512 3544 τετάρτῃ
1556 3413 1597 3513 ἦ
1643 3424 1921 3513 πέμπτῃ
1965 3416 2171 3513 ημέρα
2215 3414 2781 3512 άναμιμνήσκομοιι

337 3529 616 3613 ἐμαυτοῦ
661 3530 774 3596 καὶ
833 3523 1243 3614 αἰσθάνομαι
1289 3555 1362 3596 ου
1422 3529 1536 3617 γῆς
1576 3553 1733 3614 ειμι.
1828 3533 2039 3616 Symp.
2092 3534 2216 3597 198
2266 3532 2313 3597 C
2378 3554 2490 3595 και
2540 3522 2660 3657 γάρ
2702 3555 2793 3614 με

338 3634 642 3723 Γοργίου
653 3628 687 3701 ὃ
730 3629 922 3723 λόγος
963 3625 1439 3724 ανεμίμνησκεν,
1485 3626 1652 3701 ὥστε
1706 3625 1981 3717 ατεχνῶς
2024 3628 2101 3701 τὸ
2146 3635 2261 3702 τοῦ
2302 3627 2577 3725 Ὁμήρου
2623 3634 2782 3701 ἒπε-

333 3735 575 3830 advors-
625 3734 1009 3831 ἑφοβουμην,
1043 3734 1154 3829 μή
1199 3766 1314 3823 μοι
1373 3740 1677 3807 τελευτῶν
1739 3765 1775 3807 ο
1802 3730 2113 3827 Λγάθων
2177 3738 2447 3829 Γοργίου
2502 3734 2788 3831 κεφαλὴν

332 3846 542 3914 δεινοῦ
596 3846 803 3935 λέγειν
863 3846 931 3913 ἐν
990 3846 1084 3935 τῷ
1127 3840 1298 3970 26qu
1359 3845 1478 3912 ἐπὶ
1524 3871 1636 3913 τον
1692 3839 1847 3930 ἐμὸν
1904 3839 2095 3933 λόγον
2147 3845 2429 3937 πέμψας
2473 3836 2664 3913 αὐτόν
2702 3871 2794 3931 με.

332 3950 529 4020 λίθον
571 3952 649 4042 τῇ
694 3941 954 4043 ἀφωνία
1001 3944 1317 4041 ποιήσειε.
1423 3955 1703 4038 Utroque
1748 3955 1915 4020 enim
1973 3956 2103 4020 loco
2154 3975 2334 4020 mens
2381 3955 2782 4019 admiratione

333 4066 396 4127 et
440 4065 684 4145 stupore
727 4062 818 4125 ita
863 4061 1234 4138 fascinatur,
1282 4065 1354 4125 ut
1399 4062 1646 4127 desinat
1690 4061 1789 4127 sui
1834 4080 2081 4143 compos
2127 4080 2279 4126 esse.
2369 4061 2627 4125 Diversa
2672 4080 2792 4124 au-

510 4292 548 4358 ²)
585 4289 740 4344 Blass
775 4289 847 4357 H,
886 4288 1005 4343 432.
1045 4318 1112 4328 —
1153 4288 1194 4358 2)
1231 4288 1386 4343 Blass
1420 4288 1465 4355 Ι,
1505 4290 1572 4342 55
1599 4304 1677 4357 sq.
1718 4318 1785 4327 —
1824 4288 1865 4357 ⁸)
1902 4287 1947 4356 Ι,
1985 4287 2069 4343 60.
