3250 4700
1546 139 1624 200 31

349 342 737 434 ιάσωμάτοις
781 340 1061 432 σώμασι.
1152 349 1204 432 f)
1255 346 1326 435 ζῃ
1373 336 1444 413 οὗ
1491 339 1759 428 ζώντων.
1836 351 1995 414 Plat.
2030 348 2212 431 Gorg.
2246 351 2372 414 448
2395 348 2440 414 C
2489 346 2799 436 ἐμπειρία

361 497 443 505 --
490 446 780 542 ἀπειρία.
874 458 1006 521 456
1052 457 1104 519 Β
1159 442 1232 518 οὗ
1273 452 1622 537 διηαμένου
1667 460 1916 533 πεῖσαι,
1966 447 2093 540 ἐγὼ
2140 451 2394 520 ἔπεισα.

537 564 821 629 Menex.
864 565 993 627 237
1025 564 1080 625 A
1113 555 1244 625 02⁹
1208 557 1462 639 ιιῦντες
1461 599 1542 607 -
1567 547 1907 648 εόφραινον
1940 599 2021 608 -—
2054 559 2163 625 καὶ
2197 553 2309 648 τὴν
2337 553 2624 649 τελειτὴν
2658 549 2798 626 ἀντὶ

351 663 473 757 ’τῆς
537 666 665 733 τῶν
735 659 1004 747 ζώντων.
1113 670 1240 733 237
1288 668 1341 730 Β
1412 670 1475 751 a)
1546 654 1694 730 οὗδέ
1757 704 1839 714 -—
1897 664 2352 749 μετοικοῦντας
2398 706 2480 714 -
2526 655 2666 732 ἀλλ’
2716 705 2799 714 --

352 771 709 851 οἰκοῦντας.
802 776 866 858 b)
915 761 1023 855 οὖχ
1068 762 1202 836 ὑπὸ
1245 769 1552 860 μητρυιᾶς
1600 811 1681 820 -
1729 760 1868 836 ἄλλ>
1913 762 2046 836 ὑπὸ
2088 764 2343 859 μητρός.
2435 774 2491 837 D
2530 768 2684 861 ἔφυε
2718 811 2798 820 -—-

359 877 566 968 θηρία
614 918 694 926 -
741 874 991 966 θηρίων
1031 876 1152 961 μὲν
1194 866 1434 963 ἀγρίων
1476 865 1724 964 ἔτ’γονος.
1819 879 2021 944 238Ε
2070 874 2229 943 ἔνιοι
2272 875 2391 961 μὲν
2436 871 2798 957 δούλους,

361 981 425 1052 οἳ
495 984 570 1051 δὲ
637 975 1047 1061 δεσπότας
1113 972 1515 1070 ἀλλήλους
1580 981 1961 1066 νομίζοντες.
2096 973 2281 1070 ἡμεῖς
2346 982 2421 1049 δέ
2513 1023 2595 1031 —-
2688 972 2802 1049 οὐκ

351 1081 661 1174 ιᾶξιοῦμεν
704 1088 980 1155 δοῦλοι
1033 1078 1179 1154 οὗδέ
1225 1082 1634 1154 δεσπόται
1679 1077 2042 1177 ἀλλήλων
2081 1080 2265 1154 εἶναι.
2382 1093 2509 1156 242
2557 1092 2611 1155 Β
2655 1081 2804 1167 τοὺς

352 1187 608 1276 ἀδίκως
669 1188 1019 1285 φεύγοντας
1076 1190 1349 1273 δικαίως
1408 1186 1789 1283 κατήγαγον.
1883 1196 1939 1259 D
1999 1188 2068 1260 εί
2115 1220 2217 1273 τις
2274 1184 2671 1285 ἠμφισβήτει
2720 1233 2802 1242 -—
2894 1201 2901 1208 '

356 1293 480 1369 σοῦκ
525 1291 742 1390 ἀληθῆ
788 1289 1283 1391 αμφισβητοῖεν.
1371 1302 1422 1365 Ε
1471 1298 1698 1365 ἐνίκων
1742 1299 1943 1389 κοινῇ,
1990 1293 2252 1379 τοίτους
2295 1300 2593 1379 νικῶντες
2642 1297 2800 1388 ἰδίᾳ.

355 1412 495 1475 243
540 1411 598 1474 D
653 1396 956 1495 ἀήττητοι
1005 1445 1086 1454 -
1134 1397 1518 1495 ἡττήθημεν.
1627 1410 1761 1472 244
1802 1409 1855 1472 Β
1906 1396 2005 1471 ότι
2051 1400 2387 1485 παθόντες
2441 1395 2556 1472 υπ>
2616 1395 2807 1495 αὐτῆς

355 1513 584 1593 κακῶς
631 1553 712 1562 --
760 1503 849 1592 ὡς
905 1498 973 1578 εὖ
1032 1504 1383 1590 παθόντες·
1425 1501 1540 1577 ὑπ’
1589 1501 1804 1600 αὐτῆς.
1911 1515 1961 1578 Ε
2019 1505 2097 1578 τὸ
2137 1513 2360 1602 μηδενὶ
2411 1551 2492 1560 -
2536 1518 2809 1602 βοηθεῖν

369 1659 450 1668 -
496 1609 662 1684 ἀλλὰ
709 1659 790 1666 --
839 1610 1182 1706 ἐβοήθησε.
1277 1621 1404 1683 245
1450 1623 1505 1684 Α
1571 1607 1686 1684 οὖκ
1742 1611 2051 1707 ἐτόλμησε
2094 1618 2425 1706 βοηθῆσαι
2473 1659 2554 1668 -—
2598 1612 2806 1708 φυγά-

357 1727 488 1804 dag
521 1725 596 1790 δέ
643 1764 723 1772 -
774 1716 1026 1789 ἐάσασα
1067 1716 1264 1807 μόνον
1301 1722 1655 1812 βοηθῆσαι.
1751 1725 1797 1790 C
1844 1713 2172 1813 ἠθέλησαν
2218 1764 2298 1772 ——
2348 1717 2677 1791 ἐκδιδόναι
2723 1764 2804 1772 -

359 1831 480 1896 καὶ
513 1818 777 1914 ὤμοσαν
831 1869 911 1878 —-
967 1819 1152 1917 ἡμεῖς
1197 1817 1311 1894 οὗκ
1357 1821 1796 1919 ἐτολμήσαμεν
1842 1818 1983 1895 οἷ’ντε
2019 1828 2311 1895 ἐκδοῦναι
2362 1818 2501 1896 οῗὲτε
2549 1819 2804 1914 ὀμόσαι.

367 1939 425 2002 D
470 1925 543 2003 οὗ
600 1927 720 2023 γὰρ
769 1936 1077 2012 Πέλοπες
1123 1974 1204 1983 —-
1252 1932 1655 2000 συνοικοῦσιν
1693 1927 1871 2024 ἡμῖν,
1932 1924 2073 2000 ἀλλ’
2131 1925 2312 2002 αὐτοὶ
2362 1975 2442 1983 -
2492 1932 2805 2019 οἰκοῦμεν.

358 2046 499 2108 246
543 2044 601 2107 D
649 2034 790 2122 ἐξὸν
836 2039 942 2129 ζῆν
969 2031 1060 2128 μὴ
1090 2039 1323 2118 καλῶς,
1369 2039 1585 2119 καλῶς
1615 2032 2000 2126 αἱρούμεθα.
2093 2044 2142 2107 Ε
2180 2030 2320 2107 οἵτε
2354 2081 2434 2089 -
2467 2040 2811 2128 πρέποντα

359 2145 688 2237 «φαίνεται,
734 2135 874 2212 ἄλλ>
920 2135 1209 2234 ἀπρεπῆ.
1303 2150 1431 2213 247
1464 2148 1517 2211 Β
1565 2144 1872 2233 παρέχειν
1917 2139 2139 2212 ἑαυτὸν
2182 2140 2545 2232 τιμώμενον
2587 2140 2676 2236 μὴ
2720 2137 2807 2213 δι’

369 2245 613 2318 ἔαυτόν.
707 2255 834 2317 248
897 2254 954 2316 D
1015 2239 1558 2339 παρεκελευόμεθ>
1616 2239 1722 2330 ἄν,
1788 2242 1973 2330 ὅπως
2032 2292 2110 2300 —-
2174 2246 2673 2341 ἐπιμελήσονται
2725 2293 2807 2300 -

360 2359 482 2425 καὶ
527 2352 639 2424 ἐὰν
679 2351 770 2447 μὴ
817 2397 898 2406 -
946 2351 1565 2444 παρακελευώμεθα,
1617 2354 1853 2437 ἱκανῶς
1899 2352 2378 2446 ἐπιμελήσεται.

361 2469 425 2550 ε)
471 2468 798 2532 Praeterea
842 2466 1216 2531 ludibundae
1262 2466 1537 2531 eiusdem
1584 2468 1749 2531 verbi
1794 2467 2171 2549 repetitionis
2216 2468 2368 2533 haee
2411 2468 2805 2533 inveniuntur
2848 2464 2910 2550 §-
2956 2463 3071 2531 19.

363 2574 679 2655 exempla:
1563 2563 1571 2573 ’

365 2680 483 2763 αα)
532 2678 862 2760 simplex
904 2679 1229 2742 verbum
1273 2678 1604 2761 repetitur:
1667 2678 1741 2742 ef.
1790 2677 2003 2761 Symp.
2054 2679 2179 2741 195
2224 2680 2279 2741 A
2327 2668 2573 2753 παντὸς
2613 2673 2811 2740 ἐπαί-

373 2806 484 2848 νου
523 2780 676 2869 περὶ
723 2772 987 2859 παντός.

548 2889 661 2953 Me
678 2908 838 2953 nex,
885 2890 1012 2953 237
1045 2889 1095 2952 Ε
1145 2883 1357 2952 ἔτεκεν
1403 2924 1484 2933 -
1530 2879 1715 2951 ’τεκὸν
1762 2926 1842 2934 ——
1887 2884 2041 2974 τέκῃ
2089 2926 2171 2933 -
2216 2884 2507 2951 τεκοῦσα.
2602 2891 2729 2953 239
2766 2887 2811 2952 C

374 2985 487 3082 τὴν
527 2981 713 3073 ἇξίαν
759 3030 840 3039 -
889 2984 1082 3071 δόξαν
1125 2980 1313 3072 ἆξιάν
1358 2983 1468 3055 ἐπ’
1513 2980 1742 3071 ἀξίοις.
1835 2994 1891 3057 D
1935 2983 2085 3070 τοὺς
2140 2982 2357 3057 αὑτοῦ
2400 2989 2680 3071 πολίτας
2721 2993 2815 3081 τῷ

367 3090 592 3164 αὑτοῦ
651 3090 1032 3187 φρονήματι.
1127 3100 1255 3162 244
1316 3099 1373 3161 D
1434 3085 1751 3186 ἀφίκοντο
1808 3137 1888 3145 —-
1945 3086 2339 3187 ἀφικέσθαι.
2432 3101 2481 3164 Ε
2542 3104 2817 3187 βοηθεῖν

379 3243 460 3251 --
511 3195 837 3291 ἐβοήθησε
897 3243 978 3251 -—-
1037 3194 1430 3291 βοηθήσασα
1489 3242 1570 3250 —-
1627 3200 1963 3292 βοηθῆσαι
2011 3243 2093 3252 --
2137 3203 2489 3293 βοηθῆσαι..
2585 3209 2711 3272 247
2759 3208 2813 3271 Β

377 3302 571 3392 τιμάς
616 3348 697 3356 -
744 3300 1075 3397 θησαυρός
1131 3347 1212 3356 --
1271 3307 1476 3401 τιμῶν
1532 3308 1864 3398 θησαυρῷ.
1957 3314 2084 3377 249
2132 3317 2187 3377 Α
2244 3300 2399 3398 αίτὴ
2459 3349 2540 3358 --
2596 3300 2817 3391 αὐτοῖς

369 3402 553 3503 αὐτή.
645 3417 698 3480 Β
747 3402 974 3492 αὖτοὺς
1019 3412 1091 3479 δὲ
1134 3406 1284 3492 τούς
1330 3454 1411 3462 -
1462 3402 1637 3504 αὖτή.
1730 3418 1796 3501 b)
1850 3412 1992 3504 ἰδίᾳ
2040 3457 2121 3465 —-
2164 3412 2325 3482 ἰ’δια.

368 3524 488 3606 ββ)
552 3521 899 3605 Simplex
961 3527 1034 3587 et
1094 3523 1616 3605 compositum
1676 3526 1913 3589 alterna
1974 3525 2343 3589 adhibentur
2398 3528 2508 3588 aut
2572 3526 2819 3590 variant

370 3629 746 3709 composita:
817 3626 1000 3708 Gorg.
1065 3627 1224 3709 Epit.
1286 3614 1463 3713 ἆπῆν
1510 3666 1590 3674 —-
1641 3632 1997 3713 προσεῖναι.
2089 3632 2154 3713 b)
2218 3620 2687 3711 δυστυχούντων
2734 3669 2815 3677 -—

371 3719 812 3814 εὐτυχούντων.
905 3736 963 3817 o)
1022 3720 1496 3797 ἀποθανόντων
1542 3773 1623 3781 -
1672 3732 2136 3799 συναπέθανεν.
2232 3734 2513 3819 SympOS.
2575 3738 2700 3801 195
2762 3738 2816 3800 B

372 3828 628 3917 ξίννεστί
670 3861 740 3903 τε
783 3836 896 3902 καὶ
946 3833 1138 3903 ἔστιν.
1237 3841 1361 3903 196
1407 3842 1462 3903 A
1505 3838 1616 3904 καὶ
1664 3832 1883 3904 εἰσιών
1929 3879 2009 3887 -
2056 3838 2166 3904 καὶ
2217 3833 2422 3921 ἐξιών.
2515 3844 2580 3922 b)
2629 3838 2819 3920 ἐνίζει

381 3981 465 3989 --
513 3940 623 4007 καὶ
671 3942 816 4023 ἵζει,
863 3946 985 4009 alia
1029 3947 1250 4008 multa.

555 4050 852 4115 MeneX.
941 4051 1236 4133 Exempla
1283 4056 1763 4127 commemorata
1812 4058 1989 4117 sunt:
2039 4055 2164 4118 237
2193 4054 2264 4117 Β.
2314 4054 2440 4117 242
2468 4054 2539 4117 Β.
2586 4054 2817 4117 2431).

374 4156 512 4219 246
558 4156 628 4221 Ε.
723 4158 850 4220 248
898 4156 950 4220 Β
979 4176 1067 4239 sq.
1159 4157 1475 4221 Accedunt
1522 4159 1650 4222 240
1698 4161 1753 4222 A
1806 4156 2273 4240 δεδουλωμέναι
2314 4196 2391 4207 -
2424 4158 2819 4223 καταδεδου-
