3250 4700
1542 135 1619 197 19

359 338 763 436 ὀλοφυρομαι
807 345 1052 428 μᾶλλον
1102 371 1140 433 η
1187 368 1448 431 παραμι
1441 336 1772 432 θησομαι.
1864 346 1928 429 b)
1988 341 2101 431 τῆς
2150 331 2673 430 εὐπρεπεστάτης
2717 381 2797 388 -

363 454 503 518 οἵδε
546 451 666 535 μὲν
707 451 832 531 νῦν,
879 450 1184 540 τελευτῆς,
1240 441 1421 533 ἱμεῖς
1465 449 1538 514 δὲ
1581 443 1807 538 λυπης.
1884 454 1941 536 c)
1992 446 2512 537 ε’νευδαιμονῆσαι
2560 487 2641 496 ——
2688 447 2800 512 καὶ

360 545 432 624 εὖ
475 557 862 679 τελευτῆσαι.
956 562 1016 622 2.
1065 545 1174 639 οὐχ
1207 582 1294 621 ων
1337 581 1416 620 αν
1443 579 1546 634 τις
1587 581 1677 644 μη
1718 547 2193 642 πειρασόμενος
2240 593 2322 602 -—-
2368 541 2801 642 στερίσκηται,

362 653 505 730 -οέλλ>
555 688 628 729 ου
669 689 746 729 αν
791 658 960 742 ἐθὰς
990 655 1321 749 γενόμενος
1363 650 1717 751 ἆφαιρεθῆ.
1789 665 1847 727 3.
1894 665 1955 748 a)
2004 656 2146 748 ἰδίᾳ
2194 699 2275 710 -
2322 659 2435 725 καὶ
2466 658 2543 748 τῇ
2588 652 2801 725 πόλει.

367 774 432 854 b)
490 768 618 835 τῶν
665 793 778 835 ουκ
825 757 1024 834 όντων
1065 760 1238 857 λήθη
1283 792 1343 834 οι
1394 759 1893 854 ἐπιγιγνόμενοι.
1972 771 2032 833 4.
2092 755 2165 833 οὗ
2206 759 2283 832 τὸ
2327 763 2677 853 κερδαίνειν
2720 805 2801 813 —-

364 865 532 942 ἀλλὰ
574 867 650 940 τὸ
694 873 1043 958 τιμᾶσθαι.
1126 877 1230 952 45,
1280 878 1336 942 1.
1387 863 1494 956 οὖχ
1541 864 1777 956 ὁμοῖοι,
1824 861 1965 938 ἀλλ’
2014 861 2209 960 ὀλίγῳ
2252 869 2515 960 χείρους.
2593 875 2696 951 46,
2748 875 2807 938 1.

365 977 612 1070 εἴρηται
660 982 771 1046 καὶ
822 979 965 1064 ἐμοὶ
1013 972 1226 1066 λόγῳ
1261 1019 1341 1028 —-
1375 981 1485 1044 καὶ
1535 976 1755 1066 ἔργῳ.
1829 982 1893 1066 b)
1943 971 2025 1044 τὰ
2067 977 2187 1062 μὲν
2229 967 2348 1068 ἤδη
2379 969 2807 1065 κεκόσμηνται

373 1127 456 1136 --
501 1078 583 1152 τὰ
629 1084 703 1151 δὲ
751 1126 832 1134 --
882 1084 1146 1174 θρέψει.

551 1195 684 1260 Hoc
726 1196 854 1258 loco
911 1214 1035 1258 non
1080 1195 1348 1259 alienum
1389 1193 1632 1258 videtur
1675 1212 2184 1269 commemorare,
2246 1194 2551 1258 antitheta
2607 1193 2701 1256 bis
2748 1195 2811 1257 et

370 1303 560 1366 vicies
605 1301 764 1364 effici
808 1301 1130 1381 negatione
1178 1300 1460 1364 alterutri
1499 1300 1779 1363 membro
1825 1299 2083 1362 adiecta.

553 1406 669 1470 His
733 1407 1026 1488 exemplis
1088 1405 1397 1469 addantur
1450 1406 1655 1487 parisa
1724 1424 1757 1469 e
1814 1405 1997 1469 tertia
2030 1405 2321 1486 oratione
2378 1404 2649 1468 Periclea
2709 1403 2815 1467 de-

376 1516 658 1595 prompta
674 1560 688 1588 ,
745 1530 901 1594 quae
957 1515 1242 1575 accurato
1299 1511 1424 1574 fere
1481 1511 1689 1574 ordine
1750 1511 2077 1574 verborum
2137 1510 2255 1574 sibi
2314 1509 2819 1592 respondentium

377 1619 642 1699 iusignia
690 1620 866 1681 sunt:

558 1725 659 1798 60,
696 1725 751 1786 1.
796 1709 837 1808 ἢ
869 1719 1014 1803 ἐμοὶ
1058 1716 1477 1803 χαλεπαίνετε
1518 1707 1557 1807 ἢ
1587 1724 1735 1798 ταῖς
1764 1720 2122 1809 ξυμφοραῖς
2151 1713 2351 1784 εἷᾶιετε
2386 1721 2814 1804 (homoeotel.).

381 1832 441 1892 2.
486 1815 646 1893 πιιαθ>
696 1825 971 1891 ἕκαστον
995 1865 1076 1874 —
1101 1817 1562 1911 εὗπραγοῦσαν,
1611 1814 1866 1912 ἇθρὸαν
1896 1824 1969 1890 δὲ
2000 1823 2461 1914 σφαλλομένην.
2511 1829 2569 1891 3.
2600 1822 2817 1902 καλῶς

375 1931 498 2016 μὲν
556 1925 673 2020 γὰρ
730 1923 1078 2021 φερόμενος
1135 1920 1290 2019 ἀνὴρ
1338 1970 1418 1978 -
1468 1929 2022 2020 διαφθειρομένης
2087 1929 2201 2020 τῆς
2256 1927 2578 2017 πατρίδος
2634 1919 2819 1996 οὐδὲν

377 2021 580 2126 ἧσσον
635 2030 1101 2118 ξυναπόλλυται
1143 2041 1151 2122 Ι
1193 2035 1562 2120 κακοτυχῶν
1621 2036 1696 2102 δὲ
1770 2036 1837 2102 ἐν
1893 2025 2231 2124 εὐτυχούσῃ
2294 2035 2523 2124 πολλῷ
2576 2034 2822 2119 μᾶλλον

379 2135 770 2224 διασώζεται
834 2144 1262 2229 (homoeotel.).
1377 2147 1437 2208 4.
1505 2147 1653 2221 ταῖς
1710 2131 1853 2208 κατ’
1914 2134 2095 2208 οἶκον
2162 2137 2649 2229 κακοπραγίαις
2710 2140 2818 2207 ε’κ-

384 2247 830 2336 πεπληγμένοι
873 2253 881 2332 Ι
921 2247 1035 2314 τοῖ’
1076 2247 1293 2314 κοινοῦ
1348 2247 1463 2336 τῆς
1521 2244 1841 2337 σωτηρίας
1902 2237 2209 2338 ἆφίεσθε.
2304 2253 2405 2326 61,
2451 2253 2511 2314 2.
2558 2253 2619 2336 a)
2668 2271 2819 2313 πει-

382 2354 625 2445 σθῆναι
685 2354 805 2439 μὲν
863 2343 1223 2475 ακεραίοις,
1297 2354 1679 2438 μεταμέλειν
1748 2354 1821 2420 δε
1896 2354 2337 2438 κακουμένοις.
2450 2357 2513 2441 1))
2569 2346 2646 2420 τὸ
2702 2352 2823 2438 μὲν

384 2460 628 2527 λυποῦν
673 2458 800 2544 ἔχει
859 2448 980 2549 νδη
1033 2452 1148 2550 τὴν
1206 2455 1523 2549 αἴσθησιν
1565 2453 1821 2547 ἓκαστω
1862 2465 1869 2545 Ι
1909 2460 2023 2549 τῆς
2068 2461 2140 2527 δε
2201 2450 2487 2551 ωφελίας
2546 2480 2825 2525 απεστιν

385 2594 424 2657 η
471 2560 750 2655 δηλωσις
794 2558 1029 2631 ἅπασι.
1123 2571 1226 2643 62,
1287 2570 1346 2632 3.
1396 2564 1654 2647 ἔχοντας
1696 2555 2134 2693 αφαιρεθῆναι
2181 2554 2221 2655 ἢ
2265 2564 2627 2650 κτωμένους
2670 2590 2824 2630 ατυ-

385 2672 596 2761 χῆσαι.
689 2676 754 2758 b)
812 2665 901 2760 μὴ
958 2665 1316 2761 φρονήματι
1375 2664 1572 2755 μόνον
1635 2660 1799 2737 αλλα
1855 2672 1968 2737 καὶ
2021 2696 2550 2761 καταφρονηματι
2611 2673 2831 2755 (adno-

385 2783 692 2865 minatio).
799 2782 913 2854 63,
970 2784 1029 2844 2.
1087 2778 1309 2861 λαβεῖν
1361 2776 1482 2860 μὲν
1535 2765 1765 2844 ι’ίδικον
1813 2818 1894 2827 -
1940 2768 2203 2867 ἀφεῖναι
2262 2776 2337 2843 δὲ
2396 2773 2824 2843 ἐπικίνδυνον.

310 2892 318 2896 ”
393 2888 494 2963 64,
542 2889 601 2951 2.
661 2876 742 2949 τά
787 2907 856 2949 τε
917 2877 1224 2967 δαιμόνια
1267 2872 1633 2971 ἀναγκαίως
1674 2888 1680 2954 Ι
1720 2875 1803 2949 τά
1857 2906 1926 2949 τε
1970 2872 2109 2949 ἀπὸ
2160 2881 2289 2949 τῶν
2331 2879 2665 2967 πολεμίων
2716 2872 2827 2948 ἆν-

391 2987 617 3076 δρείως
679 2992 1110 3076 (homoeotel.).
1218 2994 1277 3055 6.
1325 2995 1385 3075 a)
1449 2985 1517 3067 ἔς
1572 3013 1642 3055 τε
1696 2982 1773 3054 τὸ
1827 2988 2065 3073 μέλλον
2121 2982 2317 3055 καλόν
2365 3029 2447 3037 -
2498 2986 2565 3067 ἔς
2623 3012 2693 3054 τε
2754 2980 2831 3054 τὸ

391 3084 624 3161 αὐτίκα
681 3087 770 3184 μὴ
834 3088 1110 3182 αἰσχρόν.
1219 3098 1284 3182 b)
1353 3088 1568 3182 γνώμῃ
1635 3093 1757 3178 μὲν
1798 3086 2035 3183 ἣκιστα
2075 3094 2427 3161 λυποῦνται
2481 3099 2488 3181 Ι
2544 3091 2706 3182 ἔργῳ
2755 3093 2830 3161 δὲ

391 3194 676 3284 μάλιστα
720 3190 1104 3283 ἀντέχουσιν.

571 3309 734 3373 Scite
796 3311 987 3405 igitur
1033 3308 1314 3374 Socrates
1377 3309 1709 3373 imitandos
1768 3310 1923 3374 tales
1995 3310 2300 3391 imprimis
2357 3311 2519 3374 locos
2577 3310 2833 3390 elegisse

392 3415 664 3491 videtur,
724 3417 790 3479 in
837 3416 1060 3496 quibus
1106 3416 1353 3479 illorum
1397 3416 1787 3479 schematum
1832 3415 2064 3497 aliquid
2110 3416 2271 3479 inest
2333 3414 2434 3496 (cf.
2480 3414 2535 3497 ξ.
2584 3416 2689 3500 2.).
2758 3413 2835 3477 In

394 3540 466 3584 ea
512 3523 723 3585 autem
769 3539 958 3601 quam
1003 3522 1132 3603 ipse
1177 3522 1397 3585 recitat
1442 3522 1711 3584 oratione
1756 3520 2001 3584 funebri
2046 3522 2347 3584 rationem
2412 3520 2652 3585 dicendi
2686 3519 2839 3585 Gor-

396 3628 601 3707 gieam
645 3627 732 3689 ita
777 3627 1090 3701 imitatur,
1152 3630 1224 3689 ut
1269 3626 1584 3690 interdum
1632 3625 1927 3705 Gorgiam
1987 3627 2194 3707 ipsum
2241 3626 2407 3707 loqui
2450 3630 2740 3708 putemus
2765 3627 2836 3709 1),

399 3732 462 3795 id
507 3732 670 3813 quod
716 3732 875 3795 infra
922 3733 1273 3796 accuratius
1322 3751 1709 3813 exponemus,
1778 3732 1873 3794 Ab
1920 3731 2132 3796 eodem
2162 3735 2375 3797 autem
2421 3752 2565 3797 eum
2609 3732 2841 3795 videbi-

395 3857 541 3901 mus
586 3858 670 3901 ne
711 3839 775 3900 in
821 3842 1182 3919 argumento
1230 3837 1480 3919 quidem
1525 3838 1900 3914 discessisse,
1952 3838 2113 3919 quod
2157 3858 2282 3902 non
2331 3840 2532 3902 solum
2577 3856 2722 3900 cum
2764 3855 2839 3900 ea

399 3962 557 4024 quae
619 3944 682 4006 in
727 3942 1064 4031 Menexeno
1122 3948 1216 4009 est
1272 3944 1673 4026 descriptione
1720 3945 2135 4025 eloquentiae,
2186 3943 2293 4008 sed
2340 3944 2529 4006 etiam
2576 3961 2719 4005 cum
2766 3960 2839 4005 ea

551 4173 591 4239 1)
628 4171 782 4226 Blass
817 4172 890 4261 11,
927 4173 1030 4226 437
1070 4171 1134 4225 cf.
1173 4170 1294 4225 438.

2420 4261 2457 4322 2
2482 4258 2515 4296 ἰι
