3250 4700
1527 203 1605 264 15

523 411 669 476 Tale
715 414 1064 494 exemplum
1111 411 1348 476 Socrati
1393 415 1536 476 ante
1582 413 1788 476 oculos
1836 412 2062 477 versari
2119 415 2402 494 apparet,
2463 430 2609 474 cum
2650 410 2781 492 ipse

344 519 414 582 in
444 522 642 582 rostra
688 537 1054 583 escensurus
1101 519 1506 583 ostentatione
1545 520 1725 599 quasi
1768 519 2027 582 rhetoris
2072 519 2313 600 propria
2357 520 2574 580 utatur
2616 535 2786 580 eam·

350 644 469 707 que
524 626 590 688 in
643 625 914 688 oratione
972 626 1236 688 retineat
1296 624 1448 707 (239
1501 623 1595 707 C).
1705 624 1838 689 Hoc
1900 627 2111 688 autem
2177 624 2374 687 multo
2444 624 2785 706 simplicius

339 731 713 812 faciliusque
770 731 1020 812 cognitu
1079 730 1264 805 foret,
1327 732 1380 795 si
1437 729 1718 794 Socrates
1780 749 1843 794 se
1902 731 2029 812 ipse
2089 729 2461 811 discipulum
2524 727 2785 810 Gorgiae

349 837 753 918 profiteretur.

515 944 641 1006 235
661 942 711 1005 E
745 962 794 1006 s.
844 966 898 1027 ῳ
927 932 1214 1026 τυγχάνει
1247 931 1643 1018 διδάσκαλος
1674 925 1835 1004 οὖσα
1866 929 1939 1004 οὗ
1968 931 2142 1004 πάνυ
2178 931 2387 1028 φαύλη
2418 937 2569 1025 περὶ
2602 944 2787 1026 ῥητο-
2832 940 2896 1024 §.
2943 937 3015 1004 9.

343 1044 533 1135 ρικῆς
562 1047 730 1129 κτλ]
803 1045 962 1111 Cum
991 1049 1283 1129 reliquiae
1315 1048 1607 1130 epitaphii
1638 1047 1909 1123 Periclei,
1946 1065 2101 1129 quas
2132 1048 2392 1128 Aspasia
2423 1047 2617 1110 fertur
2644 1065 2789 1109 cum

350 1154 869 1236 extemporalibus
917 1154 1066 1217 locis
1113 1154 1624 1234 conglutinavisse
1675 1152 1830 1233 (236
1846 1154 1898 1215 Β
1946 1153 2020 1217 cf.
2064 1153 2098 1234 ξ
2133 1155 2220 1236 2),
2266 1172 2578 1234 nusquam
2622 1171 2792 1234 repe-

349 1261 593 1322 riantur
648 1259 769 1323 nisi
825 1260 890 1322 in
949 1259 1254 1341 epitaphio
1297 1257 1694 1340 Thucydideo
1708 1307 1723 1334 ,
1785 1277 1857 1322 ea
1914 1263 2154 1330 autem,
2216 1245 2371 1340 quae
2417 1258 2680 1322 Pericles
2724 1258 2791 1320 in

344 1366 659 1447 epitaphio
709 1365 917 1429 Samio
979 1365 1202 1429 dixisse
1246 1364 1515 1428 traditur
1579 1363 1679 1445 (cf.
1726 1364 1909 1428 Blass
1967 1365 2016 1439 I,
2063 1366 2193 1446 35),
2250 1364 2414 1446 apud
2469 1364 2791 1428 Platonem

357 1491 481 1535 non
525 1472 934 1545 inveniantur,
996 1489 1246 1535 necesse
1293 1474 1387 1534 est
1443 1490 1582 1552 per·
1597 1489 1742 1534 eum
1787 1472 1893 1552 qui
1938 1471 2005 1533 in
2045 1471 2159 1534 hoc
2205 1471 2443 1549 dialogo
2487 1473 2582 1533 est
2626 1469 2795 1534 Peri-

346 1579 513 1641 clem
545 1577 878 1658 significari
905 1575 1350 1657 Thucydidem,
1377 1569 1687 1657 quatenus
1718 1576 2020 1640 Periclem
2052 1576 2290 1640 inducit
2320 1577 2791 1650 contionantem,

355 1684 610 1764 ideoque
657 1684 848 1746 etiam
892 1682 1283 1763 Thucydides
1331 1681 1547 1746 eadem
1591 1683 1827 1745 ratione
1872 1701 1995 1763 qua
2040 1681 2305 1746 Pericles
2348 1700 2455 1764 pro
2496 1681 2792 1762 discipulo

355 1789 652 1870 Aspasiae
713 1787 1102 1870 accipiendus
1149 1790 1273 1863 est,
1334 1789 1421 1851 ita
1477 1791 1550 1850 ut
1605 1786 1923 1851 Socratem
1978 1790 2040 1852 et
2094 1787 2521 1869 Thucydidem
2576 1786 2793 1850 eadem

349 1897 599 1958 utentes
658 1895 959 1974 magistra
1005 1894 1181 1957 Plato
1235 1893 1441 1957 faciat.
1533 1892 1803 1957 Persona
1859 1894 2076 1974 igitur,
2138 1912 2297 1974 quae
2340 1893 2635 1975 Aspasiae
2690 1911 2793 1956 ore

349 2003 419 2064 et
461 2000 637 2063 vultu
699 2003 917 2063 ornata
978 2002 1103 2074 est,
1165 1998 1468 2064 eiusmodi
1523 1999 1832 2063 rhetorem
1892 2000 2097 2080 obtegi
2140 2018 2389 2063 necesse
2436 2001 2559 2073 est,
2618 1998 2793 2061 cuius

355 2106 616 2186 vestigia
660 2108 724 2169 et
767 2106 832 2169 in
871 2105 1228 2186 Thucydide
1273 2109 1336 2168 et
1378 2106 1444 2168 in
1488 2105 1826 2169 Menexeno
1872 2106 2123 2187 reperiri
2166 2106 2408 2188 possint
2425 2153 2440 2180 ,
2504 2105 2691 2168 simul
2734 2107 2797 2167 et

357 2212 576 2286 talem,
646 2212 753 2292 qui
809 2212 942 2276 iure
1004 2211 1209 2292 aliquo
1263 2211 1634 2296 ,Antiphonti
1692 2212 2075 2274 Rhamnusio
2143 2211 2363 2294 opponi
2421 2211 2633 2294 possit.
2732 2209 2796 2273 Is

209 2306 218 2316 ’
353 2318 526 2381 enim
569 2317 658 2382 ita
702 2317 1042 2394 inducitur,
1095 2320 1167 2381 ut
1212 2318 1411 2381 minor
1453 2317 1735 2381 videatur
1778 2318 1983 2382 rhetor
2028 2335 2219 2400 quam
2262 2317 2525 2401 Aspasia
2571 2316 2796 2399 (236A

355 2411 543 2499 ὅστις
578 2419 736 2503 ἐμοῦ
778 2412 1009 2486 κάκιον
1055 2414 1442 2509 ἐπαιδεύθη,
1489 2413 1804 2507 μουσικὴν
1831 2420 1951 2504 μὲν
1979 2412 2111 2487 ὑπὸ
2144 2413 2488 2507 Λάμπρου
2519 2421 2794 2485 παιδευ-

361 2522 532 2605 θείς,
581 2519 916 2615 ῥητορικὴν
957 2526 1032 2592 δὲ
1078 2515 1191 2591 ὑπ’
1221 2515 1701 2616 Ἀντιφῶντος).

541 2633 730 2698 Cuius
795 2654 939 2699 cum
1008 2635 1379 2717 discipulum
1437 2634 1861 2716 Thucydidem
1920 2634 2111 2699 fuisse
2171 2632 2468 2698 Caecilius
2524 2634 2729 2697 rhetor
2749 2634 2797 2714 1)

359 2741 503 2804 inde
565 2741 911 2822 suspicatus
973 2742 1082 2816 sit,
1137 2741 1299 2823 quod
1354 2742 1456 2805 ille
1518 2759 1556 2804 a
1617 2740 1976 2822 Thucydide
2036 2740 2330 2803 laudatus
2388 2742 2579 2814 esset,
2636 2738 2803 2803 Mar-

357 2846 618 2910 cellinus
633 2894 648 2922 ,
717 2847 821 2910 alii
889 2850 1213 2928 tamquam
1280 2866 1414 2911 rem
1474 2850 1711 2911 certam
1771 2850 1834 2911 et
1894 2846 2271 2928 exploratam
2330 2844 2800 2927 pronuntiantes

361 2952 695 3017 memoriae
739 2952 1112 3034 prodiderint
1135 2954 1205 3037 2),
1249 2953 1364 3016 viri
1406 2953 1569 3017 docti
1589 2954 1640 3036 3)
1686 2952 2071 3016 contendunt
2114 2954 2595 3016 commemorata
2624 2952 2803 3014 Anti-

362 3057 608 3139 phontis
677 3059 992 3141 disciplina
1061 3058 1335 3121 denotari
1400 3059 1781 3122 historicum.
1894 3060 1978 3120 At
2042 3059 2157 3121 hoc
2222 3057 2403 3147 modo
2471 3056 2803 3121 difficultas

357 3163 627 3245 expediri
685 3164 931 3227 omnino
990 3183 1115 3227 non
1174 3166 1393 3245 potest.
1484 3164 1652 3227 Nam
1708 3182 1852 3227 cum
1894 3163 2161 3229 Pericles
2218 3164 2299 3227 ab
2344 3163 2609 3246 Aspasia
2668 3181 2806 3227 eru·

359 3268 530 3333 ditus
597 3287 702 3351 pro
759 3269 1118 3350 Thucydide
1188 3270 1298 3345 sit,
1364 3272 1518 3335 haec
1576 3269 1703 3335 fere
1764 3270 2069 3334 enuntiati
2142 3269 2447 3333 sententia
2507 3267 2802 3333 efficitur:

361 3373 698 3456 discipulus
754 3375 835 3437 ab
879 3375 1253 3457 Antiphonte
1309 3376 1585 3440 eruditus
1600 3424 1615 3451 ,
1665 3376 1771 3457 qui
1818 3378 1913 3439 est
1956 3374 2346 3456 Thucydides
2362 3422 2379 3449 ,
2441 3375 2616 3456 peius
2668 3392 2808 3438 eru-

359 3479 532 3543 ditus
578 3482 674 3545 est
719 3498 907 3561 quam
952 3480 1082 3556 ille,
1140 3481 1247 3563 qui
1291 3482 1539 3545 nomine
1585 3481 1840 3545 Periclis
1887 3481 1967 3543 ab
2008 3480 2271 3562 Aspasia
2314 3480 2639 3543 institutus
2686 3482 2799 3552 est,

364 3585 474 3665 qui
528 3585 692 3649 idem
749 3589 845 3650 est
886 3586 1294 3667 Thucydides.
1388 3586 1564 3666 Quod
1619 3586 1763 3650 ferri
1806 3605 1932 3650 non
1985 3589 2205 3668 potest.
2294 3585 2620 3651 Praeterea
2678 3586 2805 3649 illis

361 3690 730 3754 testimoniis
775 3710 898 3755 non
940 3692 1213 3755 multum
1257 3692 1556 3756 momenti
1599 3691 2001 3755 tribuendum
2046 3694 2158 3766 est,
2205 3710 2349 3755 cum
2395 3709 2499 3755 eas
2545 3710 2578 3755 e
2625 3690 2807 3755 laude

360 3813 402 3858 a
447 3794 803 3878 Thucydide
851 3796 1056 3880 (VIII,
1107 3799 1215 3881 68)
1263 3798 1625 3881 Antiphonti
1671 3797 1818 3861 data
1864 3797 2171 3861 derivatas
2230 3816 2365 3861 esse
2426 3796 2728 3879 imprimis
2774 3815 2807 3859 e

545 4054 2311 4200 ’.)Ρ1ιιιν.Αιιιψικικειλιοςέντῷπριαυτουσυντγμτ
2352 4054 2677 4111 Θυκυδδ
2712 4058 2811 4109 τοῦ

364 4166 420 4200 σι
404 4168 638 4221 υγγραφε
637 4153 712 4203 ’ως
757 4148 954 4217 μαθητ
921 4167 1025 4215 την
1070 4167 1162 4200 τεκ
1131 4170 1294 4219 κιμαρ
1323 4168 1414 4201 τια
1460 4154 1685 4220 γεένγον
1686 4168 1770 4209 αι,
1824 4147 1883 4207 ἐξ
1930 4132 2009 4199 ὧν
2058 4151 2184 4200 ἐπαι
2221 4151 2359 4197 εἷται
2407 4138 2537 4216 πὰρ’
2586 4166 2653 4197 av
2622 4138 2733 4213 υτῷ
2780 4142 2811 4197 ὃ

361 4229 440 4287 Ἅι
421 4256 508 4287 vn
490 4235 646 4306 ιφῶν.
687 4268 755 4276 -
793 4238 835 4305 ²)
874 4236 1147 4305 Cf.Stah1,
1185 4236 1357 4291 Praef.
1397 4236 1464 4290 ad
1487 4236 1727 4305 Thucyd.
1754 4253 1804 4305 p.
1816 4236 1910 4289 VI.
1938 4265 2007 4275 -
2045 4232 2395 4303 ³)Gottleber,
2420 4232 2662 4301 BIassII,
2682 4233 2809 4286 432·
