3250 4700
1605 181 1687 244 52

430 390 593 470 quod
651 391 878 455 dicitur
921 391 1429 456 Archidamicum
1487 393 1576 456 ita
1632 394 1977 475 exponitur,
2038 394 2217 474 quasi
2261 394 2669 458 Athenienses
2732 396 2870 459 suis

430 499 681 560 tantum
746 497 976 590 viribus
1036 516 1285 580 prorsus
1354 517 1714 581 semperque
1772 499 2031 563 vicerint
2092 500 2407 582 captisque
2470 498 2870 582 Sphacteriae

429 602 944 679 Lacedaemoniis,
990 604 1152 686 quod
1194 622 1392 668 unum
1422 606 1723 686 proelium
1753 608 2288 681 commemoratur,
2333 606 2771 670 debellaverint
2793 608 2869 690 ¹)-

427 708 616 773 Miser
661 713 872 774 autem
918 712 1171 774 eventus
1217 711 1361 774 belli
1408 708 1704 774 Corinthii
1750 711 1838 774 ita
1883 710 2268 786 describitur,
2314 712 2490 792 quasi
2526 713 2871 777 Athenien-

428 833 524 880 ses
593 834 708 880 sua
774 819 987 898 sponte
1057 816 1243 880 simul
1308 819 1371 879 et
1427 817 1687 897 gloriose
1744 815 1808 880 id
1866 817 2317 899 composuerint
2339 819 2407 901 ²).
2498 819 2707 883 Etiam
2768 838 2869 894 ea.

428 939 584 1002 quae
628 921 794 986 iusto
838 922 970 985 iure
1016 922 1351 986 laudantur
1370 969 1385 997 ,
1445 922 1760 986 interdum
1804 923 1893 986 ita
1935 923 2394 1000 describuntur,
2452 927 2526 988 ut
2568 926 2867 988 lectorem

427 1027 755 1092 offendant.
869 1027 962 1092 De
1029 1028 1251 1110 pugnis
1319 1029 1484 1092 enim
1550 1028 1615 1091 in
1677 1027 2070 1111 Hellesponto
2138 1030 2483 1093 commissis
2554 1031 2867 1095 disserens

427 1137 654 1210 orator,
717 1134 1161 1198 antithetorum
1217 1134 1564 1216 captatione
1625 1134 1919 1199 inductus
1964 1135 2228 1200 absurde
2272 1136 2613 1212 contendit,
2671 1137 2867 1201 Athe·

424 1240 666 1304 nienses
712 1259 923 1304 omnes
968 1241 1239 1304 hostium
1281 1258 1470 1305 naves
1513 1260 1635 1304 uno
1682 1241 1779 1305 die
1823 1241 2056 1323 cepisse
2100 1242 2453 1324 multasque
2484 1242 2673 1306 etiam
2704 1243 2865 1306 alias

425 1346 643 1411 vicisse
663 1347 734 1430 ³).
824 1347 1011 1410 Porro
1072 1347 1207 1410 laus
1267 1365 1508 1430 pugnae
1566 1346 1731 1428 apud
1775 1347 2146 1428 Arginussas
2192 1348 2556 1412 commissae
2600 1348 2855 1430 insignis

425 1455 520 1516 est
562 1471 782 1516 novem
826 1453 1283 1535 participiorum
1328 1453 1749 1516 cumulatione
1772 1453 1843 1534 ⁴).
1938 1451 2139 1516 Simili
2182 1453 2641 1536 participiorum
2678 1455 2859 1518 uber-

423 1561 553 1622 tate
599 1559 785 1623 simul
828 1563 892 1623 et
936 1559 1207 1640 quadam
1251 1549 1714 1639 magnificentia
1744 1561 2022 1622 versatur
2064 1559 2130 1622 in
2161 1559 2559 1623 describenda
2590 1561 2863 1624 civitatis

425 1683 572 1728 cura
592 1665 665 1747 ⁵),
709 1683 788 1729 ne
833 1665 956 1727 vivi
1000 1664 1115 1746 ipsi
1162 1664 1450 1734 laudibus
1495 1667 1767 1728 careant.

600 1771 879 1852 Denique
940 1771 1023 1848 si,
1096 1789 1220 1856 qua
1273 1771 1505 1835 ratione
1565 1774 1767 1834 orator
1809 1789 2041 1847 mores,
2102 1790 2318 1836 sensus
2384 1771 2858 1836 Atheniensium

423 1878 845 1961 imprimisque
891 1896 1112 1942 causas
1168 1876 1472 1940 bellorum
1518 1879 1941 1959 susceptorum
1986 1879 2261 1959 exponat,
2310 1881 2690 1960 spectamus,
2750 1897 2861 1959 ap-

421 1987 596 2067 paret
640 1984 795 2048 haec
839 1983 1046 2047 omnia
1091 1986 1225 2046 tam
1267 1982 1594 2063 magnifice
1648 1982 1835 2046 simul
1881 1986 1943 2046 et
2001 1985 2135 2046 tam
2182 1983 2506 2065 sophistice
2550 1983 2861 2066 descripta

421 2108 572 2165 esse,
634 2093 706 2153 ut
765 2090 1117 2170 generosius
1177 2088 1517 2170 quidquam
1575 2089 1829 2168 cogitari
1875 2107 1996 2152 non
2040 2089 2248 2170 possit.
2341 2090 2430 2153 Ac
2473 2108 2675 2154 mores
2722 2092 2862 2171 qui—

423 2196 565 2260 dem
611 2199 672 2260 et
719 2214 936 2259 sensus
967 2195 1440 2259 Atheniensium
1485 2195 1548 2258 in
1595 2194 2034 2258 autochthonia
2076 2195 2303 2277 positos
2336 2215 2578 2277 semper
2609 2198 2861 2260 eosdem.

423 2301 748 2377 mansisse,
791 2305 866 2367 ut
909 2304 1112 2365 orator
1155 2300 1560 2377 demonstret,
1620 2300 1883 2365 civitatis
1929 2300 2312 2383 disciplinam
2358 2321 2597 2385 semper
2642 2302 2861 2367 aristo—

421 2409 682 2473 cratiam
725 2408 913 2472 fuisse
958 2408 1271 2471 contendit
1294 2408 1363 2490 6).
1453 2407 1544 2470 Ex
1586 2407 1801 2471 eodem
1843 2407 2008 2472 fonte
2053 2408 2363 2472 derivatur
2394 2408 2603 2471 odium
2634 2409 2859 2473 barba-

419 2534 630 2579 rorum
647 2563 662 2591 ,
731 2514 892 2596 quod
959 2513 1108 2577 dicit
1176 2532 1416 2595 semper
1479 2513 1646 2577 idem
1707 2512 1897 2576 fuisse
1966 2513 2154 2577 etiam
2221 2533 2290 2577 eo
2358 2517 2629 2596 tempore
2647 2563 2661 2590 ,
2732 2534 2855 2596 quo

419 2621 679 2703 pecunia
725 2639 762 2684 a
807 2639 948 2700 rege
993 2638 1100 2702 per
1146 2617 1457 2683 Cononem
1502 2619 1651 2683 data
1694 2637 1905 2682 muros
1960 2620 2371 2684 restituebant
2415 2623 2477 2683 et
2522 2640 2667 2684 cum
2710 2640 2858 2701 rege

419 2728 889 2809 paciscebantur
957 2725 1324 2807 omninoque
1391 2744 1463 2789 ex
1530 2744 1598 2789 eo
1658 2724 2006 2807 pendebant
2027 2725 2096 2808 ⁷).
2187 2725 2404 2807 Itaque
2462 2729 2664 2790 orator
2730 2746 2853 2791 non

415 2839 660 2899 veretur
714 2833 974 2913 fingere,
1026 2831 1428 2896 Athenienses
1485 2832 1811 2895 tentationi
1864 2831 2027 2913 regis
2089 2832 2387 2896 restitisse
2433 2852 2631 2914 neque
2676 2834 2850 2915 pacis.

419 2958 576 3021 quae
616 2938 840 3003 dicitur
880 2937 1277 3002 Antalcideae
1332 2941 1642 3002 consortes
1686 2936 1875 3002 fuisse
1898 2938 1970 3020 ⁸).
2064 2936 2328 3002 Omnem
2373 2940 2537 3003 enim
2582 2958 2856 3022 operam,

419 3064 608 3127 quam
653 3044 798 3108 huic
842 3044 970 3107 loco
1017 3044 1198 3108 aliter
1241 3043 1594 3125 explicando
1627 3042 2018 3107 Schoenbom
2054 3047 2117 3107 et
2145 3044 2424 3123 Krueger
2453 3049 2861 3121 navaverunt,

416 3151 718 3235 perditam
774 3168 908 3215 esse
967 3149 1116 3213 satis
1177 3148 1621 3213 demonstravit
1664 3149 2031 3214 Tuellmann
2052 3151 2123 3234 ⁹).
2217 3148 2379 3213 Illud
2424 3154 2635 3214 autem
2678 3170 2857 3216 men-

416 3258 872 3331 daciunculum,
913 3255 1077 3337 quod
1122 3254 1371 3336 quidem
1415 3256 1663 3336 gravius
1709 3274 1843 3319 esse
1887 3255 2104 3319 ceteris
2137 3255 2317 3320 dictis
2349 3256 2553 3320 dolose
2585 3258 2857 3338 captatis

413 3365 511 3427 vix
557 3362 840 3427 contendi
883 3363 1112 3443 potest,
1173 3364 1376 3424 orator
1421 3362 1571 3425 scite
1619 3380 1688 3425 eo
1734 3362 2090 3437 occultavit,
2154 3362 2317 3443 quod
2361 3362 2594 3426 bellum
2641 3360 2858 3426 Corin-

413 3470 619 3533 thium
663 3468 872 3532 ordine
916 3487 1040 3531 non
1087 3467 1238 3532 satis
1281 3466 1598 3550 perspicuo
1644 3467 1889 3549 exponit
1933 3472 1995 3531 et
2033 3468 2337 3532 sententia
2367 3468 2632 3548 generali
2662 3469 2856 3532 inter—

413 3575 609 3638 mixta
666 3574 957 3638 lectorem
1016 3574 1080 3637 in
1126 3573 1573 3638 dubitationem
1618 3573 1895 3648 adducit,
1957 3592 2113 3637 num
2170 3574 2296 3637 iam
2343 3575 2470 3637 245
2516 3572 2562 3637 O
2610 3574 2683 3638 de
2726 3575 2855 3638 fine

411 3680 557 3745 belli
604 3684 846 3761 agatur.
938 3678 1226 3744 Ceterum
1271 3680 1470 3744 omnis
1517 3680 1804 3761 expositio
1845 3680 1989 3744 belli
2022 3678 2337 3755 Corinthii,
2382 3680 2543 3760 quod
2574 3699 2612 3743 a
2644 3679 2855 3745 Persis

413 3787 750 3851 excitatum
795 3804 928 3849 esse
968 3789 1186 3850 notum
1224 3788 1337 3862 est,
1386 3785 1782 3867 sophisticam
1815 3786 1976 3868 sapit
2006 3788 2221 3849 artem.
2312 3786 2496 3849 Porro
2529 3805 2599 3849 ex
2632 3786 2854 3850 eadem

412 3892 852 3957 autochthonia
917 3891 1229 3955 derivatur
1295 3891 1630 3955 moderatio
1698 3894 1760 3955 et
1820 3892 2145 3956 clementia
2164 3939 2179 3967 ,
2250 3911 2373 3974 qua
2440 3892 2851 3956 Athenienses

595 4140 635 4205 ¹)
674 4137 775 4190 242
801 4138 842 4192 C
865 4154 979 4207 sqq.
1017 4168 1084 4177 —
1122 4138 1164 4205 2)
1204 4137 1307 4192 245
1331 4138 1390 4193 Ε.
1433 4168 1498 4177 -
1537 4139 1578 4206 ⁸)
1619 4137 1722 4191 243
1746 4139 1810 4192 A.
1848 4168 1916 4177 -—
1955 4137 1998 4207 ⁴)
2037 4138 2139 4192 243
2166 4139 2221 4193 C.
2250 4170 2316 4178 —
2354 4141 2396 4208 ⁵)
2437 4139 2539 4193 249
2563 4141 2611 4193 A
2637 4156 2749 4209 sqq.
2778 4170 2849 4179 -

413 4227 458 4294 ⁰)
497 4224 602 4279 238
626 4225 681 4279 C.
721 4256 788 4263 —
828 4227 867 4294 ⁷)
907 4226 1008 4279 245
1035 4225 1091 4280 Ο.
1117 4225 1182 4279 D.
1223 4256 1291 4265 -—
1328 4227 1370 4294 Β)
1410 4225 1512 4281 245
1539 4226 1594 4281 C.
1636 4258 1703 4265 —
1742 4227 1784 4295 ⁹)
1820 4243 1870 4294 p.
1911 4224 2136 4281 68-71.
