3250 4700
1517 184 1598 248 35

331 397 449 462 καὶ
509 396 810 481 πατέριον
863 395 972 460 καὶ
1023 389 1210 459 υἱέων
1255 386 1789 482 ἐπιμελήσονται,
1853 387 2002 472 τοὺς
2043 391 2163 476 μὲν
2207 384 2622 470 παιδεύοντες
2669 431 2771 472 -—,

339 494 488 580 τοὺς
534 500 606 567 δὲ
652 498 1186 589 γηροτροφοῦντες
1206 504 1276 586 ¹)-

522 613 580 674 2.
648 610 690 676 J
694 629 798 673 am
843 610 1118 691 exempla
1162 609 1292 672 eius
1324 609 1715 691 oppositionis
1748 608 2085 696 colligenda
2116 612 2279 683 sunt,
2326 626 2483 690 quae
2514 607 2777 671 efficitur
2821 602 2883 688 ξ.
2930 603 3055 671 24.

263 727 265 730 ⁴
336 716 663 798 negatione
737 715 1016 780 alterutri
1067 715 1343 779 membro
1415 715 1669 779 adiecta.
1786 713 1969 796 Gorg.
2013 714 2175 796 Epit.
2250 715 2311 797 a)
2381 694 2468 776 ὧν
2522 712 2622 777 δεῖ
2665 699 2777 776 ἇν-

340 812 536 908 δράσι
581 823 922 908 προσεῖναι
970 858 1051 867 —-
1101 801 1188 883 ὧν
1234 807 1306 883 οὗ
1351 818 1451 883 δεῖ
1495 822 1855 905 προσεῖναι.
1948 821 2034 938 b?
2060 806 2267 883 αυτῶν
2306 806 2781 882 αποθανόντων

340 950 380 991 ο
426 918 654 1004 πόθος
711 949 783 990 ου
828 922 1305 1002 συναπέθανεν,
1365 912 1504 988 ἄλλ’
1563 912 1897 1003 ἀθάνατος
1944 912 2057 1044 οτΞκ
2102 913 2478 1007 ἀσωμάτοις
2520 916 2781 1006 σώμασι

302 1098 308 1102 .
341 1031 419 1120 ζῇ
467 1057 538 1098 ου
585 1024 852 1112 ζώντων.
920 1033 1079 1096 Plat.
1096 1031 1279 1113 Gorg.
1303 1032 1498 1096 452E
1549 1012 1733 1108 οἶτος
1762 1017 1936 1116 ἄλλῳ
1967 1018 2444 1119 αναφανὴσεται
2472 1053 2780 1118 χρηματι-

342 1131 608 1221 ζόμενος
652 1137 763 1202 καὶ
812 1125 920 1220 οὐχ
968 1126 1157 1223 αὑτῷ.
1250 1139 1380 1202 456
1426 1139 1481 1202 Β
1542 1125 1614 1202 οὗ
1658 1135 2005 1219 δυναμένου
2050 1140 2299 1217 πεῖσαι,
2350 1128 2477 1222 ἐγὼ
2524 1132 2778 1201 ε’πεισα.

349 1248 413 1329 b)
481 1231 596 1308 οὗκ
654 1230 813 1330 αλλῃ
870 1243 1054 1330 τέχνῃ
1112 1230 1151 1329 ἢ
1208 1240 1286 1330 τῇ
1345 1241 1663 1330 ῥητορικῇ.
1757 1243 1805 1309 G
1866 1231 2147 1325 οὗδαμοῦ
2204 1231 2283 1307 ἂν
2343 1241 2617 1332 φανῆναι
2674 1234 2787 1306 τὸν

345 1341 586 1471 ἰατρόν,
634 1336 775 1413 αλλ>
825 1343 1164 1436 αιρεθῆναι
1209 1373 1287 1412 αν
1329 1341 1440 1412 τὸν
1483 1344 1697 1414 εἰπεῖν
1740 1340 2022 1414 δυνατόν.
2114 1350 2164 1414 Ε
2205 1336 2649 1432 αμυνομένους,
2695 1339 2785 1435 μὴ

347 1445 768 1542 ὑπάρχοντας.
894 1457 1021 1520 457
1090 1458 1145 1519 Α
1224 1442 1448 1520 οἵκοιν
1504 1478 1566 1519 οι
1624 1446 1996 1535 διδάξαντες
2050 1451 2323 1574 πονηροί
2383 1494 2463 1502 -
2522 1443 2660 1520 αλλ’
2722 1479 2783 1521 οι

343 1553 436 1649 μὴ
478 1552 788 1680 χρώμενοι
835 1548 1073 1660 ὀρθῶς.
1166 1563 1218 1625 Β
1265 1549 1404 1624 αλλ’
1453 1548 1636 1626 ουδέν
1678 1585 1745 1625 τι
1783 1558 2027 1643 μᾶλλον
2062 1599 2143 1608 —-
2179 1584 2320 1625 ουτε
2349 1549 2787 1649 αφαιρεῖσθαι

351 1706 440 1714 -
484 1654 627 1732 οὔτε
678 1690 827 1744 τοις
882 1655 1112 1744 ἄλλους
1168 1658 1614 1753 δημιοιργοίῃς
1674 1655 1837 1731 αλλὰ
1894 1663 2166 1744 δικαίως
2214 1704 2295 1713 -
2340 1665 2643 1755 χρῆσθαι.
2739 1668 2831 1738 O.

347 1765 462 1837 τὸν
506 1758 612 1838 οὖν
657 1761 770 1837 οὗκ
817 1760 1038 1859 ὀρθῶς
1077 1763 1396 1859 χριόμενον
1430 1811 1510 1819 ——
1554 1760 1693 1836 ἀλλ’
1742 1761 1814 1836 οὗ
1856 1765 1968 1836 τὸν
2014 1765 2405 1853 διδάξαντα.’
2473 1774 2786 1856 Frequens

356 1881 462 1962 qui
520 1884 615 1944 est
671 1881 786 1944 hoe
842 1882 971 1944 loeo
1027 1899 1181 1944 usus
1248 1880 1589 1960 negationis
1644 1880 2031 1962 oppositionis
2093 1899 2281 1944 eausa
2342 1880 2649 1944 adhibitae
2710 1880 2789 1945 ad

351 1986 761 2050 imitationem
804 1987 1110 2068 pertinere
1154 1985 1424 2060 videtur,
1483 1985 1557 2050 de
1606 2004 1725 2066 quo
1782 1985 1856 2049 ef.
1904 1986 2031 2049 456
2077 1985 2136 2048 D
2198 1973 2269 2050 οὗ
2313 1975 2539 2050 τούτου
2586 1981 2786 2063 ἕνεκα,

358 2110 515 2173 quae
560 2092 754 2156 verba,
789 2091 1112 2173 quinquies
1155 2094 1534 2173 repetuntur.

533 2198 824 2262 Menex.
873 2199 933 2281 a)
982 2197 1149 2279 prius
1195 2198 1546 2261 membrum
1593 2198 1950 2278 negativum
1995 2200 2119 2262 est:
2186 2199 2312 2262 237
2362 2198 2415 2261 B
2466 2184 2580 2261 οὐκ
2628 2191 2791 2283 ἔπη-

353 2302 468 2381 λυς
526 2287 685 2367 οὖσα
751 2289 898 2367 οὐδὲ
957 2292 1106 2379 τοὺς
1169 2292 1466 2388 ἐκγόνους
1526 2339 1608 2348 -—
1668 2289 2136 2391 ἀποφηναμένη
2193 2299 2650 2386 μετοικὸῖντας
2710 2341 2791 2349 -

353 2396 496 2473 ἀλλ’
560 2396 962 2489 αὐτόχθονας
1019 2407 1128 2472 καὶ
1192 2446 1272 2454 —-
1334 2402 1683 2485 οἰκοῦντας.
1776 2410 1841 2493 b)
1909 2396 2019 2491 οὖχ
2079 2398 2213 2474 ὑπὸ
2254 2406 2589 2497 μητρυιᾶς,
2653 2396 2791 2473 ἀλλ’

354 2504 490 2578 ὑπὸ
532 2505 787 2601 μητρός.
882 2517 1010 2579 238
1057 2518 1112 2578 A
1173 2501 1245 2578 οὗ
1303 2512 1380 2601 γῆ
1439 2518 1707 2599 γυναῖκα
1764 2552 1843 2561 —-
1903 2502 2067 2579 ἀλλὰ
2126 2505 2273 2602 γυνὴ
2333 2513 2462 2602 γῆν.
2554 2516 2619 2598 b)
2682 2502 2795 2579 οὐκ

361 2611 740 2707 ἐφθόνησεν,
789 2607 926 2683 ἄλλ’
976 2614 1198 2701 ἔνειμε.
1292 2620 1348 2683 D
1385 2606 1524 2684 οὔτε
1569 2607 1882 2706 ἀσθενείᾳ
1912 2660 2001 2667 -
2030 2608 2195 2684 ἀλλὰ
2223 2610 2319 2697 εἷς
2350 2610 2513 2705 ὅρος.
2589 2622 2715 2685 239
2741 2622 2796 2685 Α

361 2714 476 2789 οὒκ
520 2713 818 2808 ἀξιοῦμεν
865 2764 945 2772 -
992 2713 1131 2789 ἀλλ’
1178 2714 1216 2812 ἡ
1262 2720 1573 2811 ἶσογονία.
1668 2728 1732 2810 b)
1797 2725 2019 2813 μηδενὶ
2065 2712 2239 2811 ἷίλλιιο
2288 2764 2369 2772 --
2414 2712 2471 2813 ἢ.
2567 2728 2695 2789 240
2742 2728 2798 2790 D

361 2819 476 2896 οἰκ
521 2818 769 2955 ἄμαχος
816 2869 896 2878 -
944 2818 1108 2894 ἀλλὰ
1153 2828 1290 2895 πᾶν
1333 2829 1614 2919 πλῆθος.
1710 2833 1761 2895 Ε
1822 2855 1893 2896 ου
1942 2822 2139 2914 μόνον
2179 2828 2308 2896 τῶν
2352 2822 2669 2914 σωμάτων
2716 2870 2797 2877 -—

360 2925 523 3001 ἀλλὰ
579 2936 690 3001 καὶ
749 2934 864 3023 τῆς
923 2932 1310 3022 ἐλευθερίας.
1406 2939 1534 3001 243
1580 2939 1638 3001 D
1700 2924 1772 3001 οὗ
1830 2928 2026 3019 μόνον
2074 2929 2187 3025 τὴν
2241 2928 2386 3001 τότε
2430 2933 2797 3063 ναυμαχίαν,

355 3030 523 3107 αλλὰ
584 3020 712 3106 καῖ
753 3034 865 3106 τὸν
918 3028 1111 3106 ἄλλον
1168 3034 1471 3124 πόλεμον.
1582 3045 1712 3107 244
1771 3046 1826 3107 A
1898 3045 1958 3126 a)
2020 3030 2202 3107 οἰδὲν
2256 3030 2412 3108 άλλο
2472 3036 2682 3107 αι’τιον
2740 3030 2796 3129 ή.

361 3149 425 3232 b)
475 3135 546 3212 οὗ
589 3139 779 3235 λόγω,
827 3136 966 3211 αλλ
1017 3144 1198 3234 ἔργω,
1291 3150 1348 3231 e)
1398 3171 1470 3212 ου
1514 3143 1715 3234 κακίᾳ
1751 3187 1830 3195 -
1864 3136 2028 3212 ἄλλα
2074 3145 2395 3235 διστιχίᾳ.
2488 3149 2546 3212 D
2576 3147 2799 3235 μηδα-

359 3244 572 3335 μόθεν
613 3240 894 3318 ἄλλοθεν
939 3240 1077 3317 ἀλλ’
1125 3240 1181 3341 ἦ.
1275 3255 1324 3317 Ε
1390 3242 1498 3334 οὗχ
1547 3253 1655 3318 οἵα
1698 3276 1767 3318 τε
1812 3252 2057 3339 ἐγένετο
2106 3294 2187 3302 -
2234 3242 2397 3318 ἄλλα
2460 3245 2797 3341 ἐκάμφθη.

363 3361 490 3423 245
537 3362 592 3423 A
640 3346 754 3423 οὐκ
801 3350 1112 3447 ἐτόλμησε
1145 3396 1226 3405 -
1261 3351 1555 3446 φυγάδας
1600 3357 1693 3424 δέ.
1786 3361 1843 3423 D
1892 3348 1964 3425 οὗ
2008 3352 2127 3447 γὰρ
2174 3357 2480 3437 Πέλοπες
2527 3397 2607 3405 -
2656 3380 2800 3423 συν-

365 3460 654 3529 οικοῦσιν
716 3454 897 3551 ἡμῖν,
969 3452 1108 3529 ἀλλ’
1181 3452 1362 3529 αὐτοὶ
1415 3455 1712 3552 Ἕλληνες
1784 3504 1865 3513 ——
1941 3461 2263 3547 οἰκοῦμεν,
2327 3467 2427 3531 eui
2486 3467 2801 3530 enuntiato

359 3575 674 3653 praeterea
734 3573 854 3635 tria
912 3573 1215 3636 contraria
1273 3572 1482 3636 addita
1529 3575 1703 3648 sunt,
1760 3591 1911 3636 nam
1957 3573 2279 3654 Pelopibus
2326 3575 2389 3637 et
2434 3569 2683 3637 Cadmis
2730 3592 2802 3635 ex

364 3677 612 3741 Oriente
657 3678 806 3741 ort-is
844 3681 1236 3759 opponuntur
1265 3668 1614 3760 Αἴγυπτοί
1656 3697 1725 3740 τε
1767 3674 1879 3740 καὶ
1915 3672 2185 3755 Δαναοί,
2236 3678 2341 3759 qui
2374 3678 2452 3741 ad
2482 3677 2801 3741 meridiem

361 3784 670 3864 spectant,
727 3786 868 3846 tum
927 3783 1201 3865 opposita
1262 3787 1407 3847 sunt
1466 3783 1747 3847 membra
1810 3773 2001 3869 φύσει
2059 3779 2179 3864 μὲν
2233 3774 2548 3869 βάρβαροι
2606 3769 2798 3860 ὄντες,

509 3958 550 4025 ¹)
586 3957 924 4011 Divisionem
961 3958 1076 4011 sine
1102 3974 1352 4025 expressa
1376 3957 1706 4025 oppositione
1742 3957 1847 4011 loci
1872 3958 2127 4011 exhibent
2152 3958 2246 4026 qui
2271 3958 2590 4026 sequuntur:
2632 3954 2735 4008 238
2754 3954 2801 4007 Β

360 4042 762 4097 κατεσκεύασαν
813 4042 945 4115 πρός
997 4066 1057 4097 τε
1095 4076 1163 4083 —-
1198 4043 1622 4114 παιδευσάμενοι
1668 4051 1757 4097 καὶ
1795 4076 1862 4084 ——
1899 4042 2261 4113 διδαξάμενοι.
2338 4044 2443 4097 244
2466 4046 2513 4098 Α
2562 4028 2606 4110 ᾧ
2642 4039 2803 4095 &zwi-

358 4133 540 4201 μεθά,
599 4125 773 4202 εὐχαῖς
825 4140 914 4185 καὶ
969 4134 1204 4187 θυσίαις.
1289 4133 1391 4188 245
1428 4134 1472 4186 Ε
1519 4126 1734 4204 ἀνδρῶν
1784 4127 2017 4205 ἀγαθῶν
2053 4164 2120 4172 ——
2156 4132 2267 4185 τῶν
2315 4152 2375 4184 τε
2428 4138 2486 4184 ἐν
2538 4132 2803 4203 Κορίνθῳ

355 4227 720 4291 χρησαμένων
755 4220 1026 4292 δυσχωρίᾳ
1063 4226 1152 4272 καὶ
1191 4225 1249 4273 ἐν
1287 4220 1514 4290 Λεχαιῷ
1547 4219 1830 4291 προδοσίᾳ.

2393 4308 2482 4372 3*
