3250 4700
233 420 310 505 §-
361 419 429 486 6.

235 1688 316 1773 g,
363 1687 433 1754 7.

1655 207 1735 268 12

657 416 856 479 234ss
886 402 1176 499 Ἀρχῖνον
1214 402 1252 502 ἢ
1302 411 1556 498 Δίωνα]
1648 416 1819 480 Num
1872 416 2019 498 quid
2076 416 2341 492 duoviri,
2405 435 2668 497 quorum
2720 435 2917 480 unum

475 523 852 586 Menexenus
899 525 1106 586 censet
1151 522 1416 586 electum
1460 523 1554 598 iri,
1601 522 1683 586 ad
1726 523 1988 587 ironiam
2035 522 2254 603 dialogi
2302 523 2560 596 valeant,
2608 541 2717 586 nos
2749 522 2921 602 igno-

477 647 613 693 rare
676 629 1067 702 confitemur,
1136 629 1356 711 quippe
1425 629 1500 693 de
1560 629 1785 710 quibus
1846 648 2068 711 parum
2129 631 2514 711 compertum
2573 628 2915 692 habeamus

477 753 790 816 vagasque
863 734 1244 799 coniecturas
1319 734 1518 798 facere
1603 753 2128 816 supervacaneum
2206 733 2501 797 videatur.
2624 731 2913 798 Ceterum

479 841 810 922 Dionysius
833 841 879 922 1)
945 843 1070 903 toto
1128 835 1295 904 caelo
1353 833 1547 915 errat,
1609 859 1754 903 cum
1814 840 2157 915 contendit,
2217 839 2541 903 Platonem
2600 839 2798 904 dicere
2859 859 2925 903 se

479 947 710 1010 imitari
767 946 918 1010 velle
961 947 1303 1010 Archinum
1362 948 1423 1010 et
1467 946 1745 1010 Dionem.
1836 945 1999 1009 Talis
2062 946 2227 1009 enim
2272 945 2639 1025 significatio
2683 945 2745 1009 in
2794 945 2926 1008 dia-

481 1054 614 1133 logo
671 1071 918 1134 prorsus
979 1052 1148 1115 nulla
1201 1052 1527 1116 invenitur.
1619 1051 1752 1116 Nec
1810 1052 2023 1115 minus
2069 1051 2350 1132 Krueger
2373 1053 2419 1134 2)
2485 1054 2647 1114 errat
2692 1051 2919 1125 (1106116,
2985 1098 2997 1112 .

478 1158 802 1222 Platonem
859 1158 1111 1221 Archini
1176 1158 1433 1222 orationi
1494 1158 1767 1240 perditae
1783 1206 1797 1233 ‚
1876 1157 1950 1221 de
2012 1176 2135 1239 qua
2199 1156 2459 1220 Photius
2483 1158 2532 1239 3)
2602 1157 2924 1236 significat,

482 1264 789 1327 adversari
845 1264 1141 1338 voluisse;
1209 1265 1374 1328 hunc
1433 1265 1598 1328 enim
1659 1263 1726 1327 in
1790 1264 2083 1344 colloquio
2138 1262 2605 1326 commemorari
2670 1262 2926 1343 ideoque

483 1370 745 1433 dubium
804 1389 925 1434 non
993 1389 1126 1434 esse
1146 1418 1161 1445 ‚
1231 1371 1380 1450 quin
1438 1369 1831 1452 Antiphontis
1896 1372 1957 1432 et
2014 1368 2261 1450 Lampri
2322 1368 2659 1450 discipulus
2722 1368 2923 1431 fuerit.

486 1475 623 1554 Qua
697 1476 771 1539 (16
844 1495 909 1540 16
977 1476 1164 1539 simul
1237 1479 1301 1539 et
1366 1476 1442 1540 de
1510 1474 1792 1557 Spengeli
1861 1475 2207 1539 coniectura
2276 1473 2356 1537 ad
2421 1473 2961 1538 Alcidamantem.

487 1584 800 1662 spectante
849 1581 1000 1644 satis
1046 1581 1336 1645 disseruit
1382 1580 1733 1645 Stallbaum
1776 1581 1964 1662 praef.
2013 1581 2091 1642 21
2145 1599 2235 1661 sq.

659 1687 788 1750 234
836 1685 882 1750 O
931 1723 1012 1732 —-
1063 1688 1190 1750 235
1241 1685 1288 1750 C
1394 1683 1532 1749 Καὶ
1584 1676 1745 1772 μὴν,
1811 1710 1863 1749 ω
1928 1681 2245 1763 Μενέξενε
2305 1683 2471 1766 κτλ]
2579 1685 2775 1748 Locus
2835 1687 2930 1748 est

485 1793 742 1874 insignis
786 1793 1162 1875 lepidissima
1194 1793 1602 1874 descriptione
1634 1793 1970 1856 rhetoricae
2015 1791 2281 1856 blandae
2312 1790 2722 1872 omnibusque
2753 1809 2929 1872 prae-

485 1899 685 1980 stigiis
732 1902 1003 1963 ornatae.
1083 1898 1254 1977 Quae
1287 1898 1570 1979 quamvis
1616 1918 1725 1980 per
1770 1917 1835 1962 se
1877 1901 2157 1962 constare
2187 1896 2486 1970 videatur,
2532 1899 2745 1959 tamen
2790 1915 2928 1960 eam

485 2004 933 2086 quodammodo
995 2005 1074 2068 ad
1137 2003 1430 2084 Gorgiam
1485 2005 1787 2086 respicere
1842 2003 2205 2066 videbimus.
2310 2001 2529 2065 Verbis
2589 2001 2759 2066 enim
2812 1987 2927 2064 ὑπ’

485 2097 730 2194 ἀνδρῶν
775 2106 999 2196 σοφῶν
1052 2131 1122 2172 τε
1177 2107 1292 2172 καὶ
1353 2095 1500 2172 οὐκ
1559 2103 1739 2195 εἰκῇ
1800 2099 2263 2184 ἐπαινούντων,
2323 2093 2488 2170 ἀλλ’
2552 2103 2625 2169 ἐκ
2686 2101 2937 2169 πολλοῦ

484 2206 706 2297 χρόνου
749 2206 977 2299 λόγους
1020 2211 1751 2300 παρεσκευασμένων
1793 2215 2111 2297 parodiam
2158 2214 2335 2295 quasi
2399 2214 2714 2294 quandam
2758 2231 2935 2294 prae-

487 2323 590 2387 bet
649 2322 764 2387 loci
824 2322 930 2403 qui
985 2325 1081 2387 est
1140 2322 1201 2386 in
1263 2320 1489 2403 Gorgia
1559 2323 1688 2386 503
1734 2321 1825 2385 D.
1896 2309 1931 2384 ὃ
1986 2307 2245 2405 ἀγαθὸς
2303 2306 2457 2406 ἀνὴρ
2511 2315 2624 2382 καὶ
2682 2315 2800 2382 ἐπὶ
2854 2308 2930 2381 τὸ

486 2425 742 2511 βέλτιον
783 2423 1003 2512 λέγων,
1052 2410 1095 2491 ἃ
1138 2413 1217 2491 ἓν
1258 2424 1452 2513 λέγῃ,
1515 2414 1675 2491 ἄλλο
1726 2450 1793 2490 τι
1840 2413 1983 2490 οὗκ
2026 2420 2205 2512 εἰκῆ
2267 2423 2429 2510 ἐρεῖ,
2492 2412 2657 2488 ἀλλ’
2715 2411 2927 2488 ἄπο-

487 2538 530 2615 β
548 2530 634 2597 λέ
651 2556 826 2596 πων
868 2523 1037 2618 πρός
1080 2556 1180 2611 vt,-
1223 2534 1344 2598 Hic
1391 2534 1557 2598 enim
1602 2533 1907 2598 habemus
1946 2532 2321 2597 contrarium
2351 2551 2493 2595 vere
2526 2531 2929 2605 Socraticum,

491 2659 610 2722 quo
653 2640 978 2715 indicatur,
1022 2640 1363 2704 orationem
1408 2638 1488 2703 ad
1530 2640 1737 2703 ideam
1784 2639 1908 2703 sive
1952 2638 2262 2702 notionem
2306 2638 2394 2702 rei
2442 2656 2575 2702 esse
2618 2637 2934 2701 instruen-

489 2747 655 2810 dam.
745 2750 829 2810 At
872 2746 1074 2810 eidem
1113 2746 1498 2811 inconsultae
1543 2744 1799 2809 orationi
1842 2744 1909 2807 in
1942 2744 2295 2818 Menexeno‚
2340 2745 2644 2823 tanquam
2688 2761 2821 2805 rem
2863 2742 2931 2804 in

490 2852 820 2916 ridiculum
877 2853 1272 2933 detorqueat,
1334 2850 1865 2933 praeparationem
1924 2850 2283 2931 diligentem
2344 2850 2607 2931 opponit.
2694 2847 2931 2911 Eadem

491 2961 703 3022 autem
749 2958 1213 3040 praeparatione
1256 2957 1416 3020 infra
1451 2956 1734 3021 Socrates
1779 2956 1911 3038 ipse
1957 2956 2273 3036 gloriatur,
2317 2974 2463 3018 cum
2500 2954 2819 3034 significat,
2867 2972 2931 3017 se

488 3064 828 3128 orationem
896 3062 975 3125 ad
1028 3062 1286 3127 verbum
1345 3062 1685 3126 edidicisse.
1792 3061 2074 3125 Eundem
2118 3061 2184 3124 in
2227 3060 2486 3124 modum
2528 3061 2929 3141 praeparatus

493 3170 677 3233 Polus
721 3170 785 3232 in
829 3172 1142 3233 certamen
1186 3168 1532 3243 descendit,
1591 3186 1739 3232 cum
1782 3167 2109 3231 verisimile
2156 3167 2269 3242 sit,
2330 3185 2403 3230 ea
2450 3166 2659 3238 verba,
2708 3164 2931 3245 quibus

495 3276 778 3357 quamvis
825 3293 1106 3357 perverse
1151 3274 1510 3356 respondere
1557 3273 1767 3338 studet
1809 3274 1889 3336 ad
1932 3272 2476 3353 interrogationem
2510 3270 2937 3352 Chaerephon-

493 3382 574 3444 tis
624 3379 832 3462 (Gorg.
881 3380 1009 3445 448
1059 3378 1132 3462 C)
1155 3428 1169 3455 ‚
1227 3399 1260 3443 e
1320 3379 1472 3443 libro
1532 3379 1891 3461 deprompta
1936 3397 2088 3441 esse.
2116 3379 2166 3461 ⁴)
2257 3378 2347 3441 Ut
2388 3397 2531 3441 vero
2584 3380 2787 3440 ora-tor
2832 3376 2935 3440 de·

489 3486 966 3551 clamationibus
1025 3486 1392 3549 iamdudum
1447 3484 1826 3567 praeparatis
1883 3487 2129 3560 utatur,
2189 3484 2321 3547 fieri
2364 3503 2487 3547 non
2529 3486 2757 3565 potest,
2814 3482 2933 3545 nisi

489 3593 557 3655 'in
602 3592 750 3656 locis
793 3592 1223 3657 communibus
1270 3595 1548 3656 versatus
1593 3591 1669 3655 de
1712 3590 1863 3672 ipsis
1910 3609 2121 3655 eorum
2164 3590 2271 3671 qui
2319 3589 2699 3671 sepeliuntur
2741 3588 2925 3652 rebus

675 3822 714 3889 ¹)
751 3820 786 3875 1.
827 3837 870 3874 0.
923 3850 991 3859 —-
1041 3821 1084 3887 ²)
1122 3837 1173 3888 p.
1213 3819 1314 3871 241
1353 3834 1470 3887 sqq.
1519 3848 1588 3857 -
1641 3818 1683 3886 ⁸)
1722 3816 1853 3873 260:
1903 3810 2241 3887 (Ἰσοκράτης)
2286 3810 2457 3869 πολλὰ
2492 3815 2607 3868 τῶν
2639 3810 2777 3867 κατὰ
2814 3809 2935 3869 τοὺς

495 3915 809 3981 ἐπιταφίους
856 3903 1038 3979 λόγους
1086 3909 1384 3977 εἰρημένων
1425 3899 1655 3975 Ἀρχίνῳ
1690 3936 1759 3945 -·
1804 3898 2120 3973 ὖπεβοῖλετο.
2170 3934 2238 3943 -
2288 3905 2331 3972 4)
2380 3904 2589 3973 Syrian.
2642 3902 2815 3958 Schol.
2868 3902 2935 3956 ad

493 3999 742 4067 Hermog.
783 3996 1030 4065 (Spengel
1068 4015 1250 4066 συναγ.
1289 4012 1340 4063 p.
1367 3993 1458 4061 87)
1500 3991 1685 4049 Πῶλος
1721 3986 1750 4045 ὃ
1790 3998 2017 4064 Γοργίου
2049 4013 2125 4061 μα
2134 3985 2307 4057 θήτὴς
2344 3996 2402 4043 ἐν
2435 3992 2505 4064 τῇ
2540 3996 2705 4063 τέχνῃ
2747 3996 2931 4061 φησίν·

494 4084 687 4139 πολλαὶ
723 4090 912 4153 τέχναι
937 4116 1006 4123 -
1033 4077 1345 4155 εὖρημέναις
1381 4082 1448 4136 ad
1483 4081 1713 4135 eundem
1748 4080 1928 4134 locum
1956 4083 2192 4149 spectare
2216 4080 2431 4134 videtur
2454 4079 2672 4133 Aristot.
2700 4078 2932 4146 Metaph.

494 4175 538 4243 I,
577 4192 626 4243 p.
665 4174 702 4227 4
737 4173 990 4228 Blandis:
1041 4166 1074 4239 ἦ
1111 4176 1213 4241 μὲν
1247 4164 1350 4243 γὰρ
1390 4175 1637 4241 ἐμπειρία
1674 4174 1873 4237 τέχνην
1909 4173 2191 4233 ἐποίησεν,
2231 4161 2301 4225 ὥς
2338 4186 2470 4238 φησι
2512 4165 2711 4229 Πῶλος,
2750 4160 2937 4237 ὀρθῶς

491 4261 677 4335 λέγων,
717 4255 750 4328 ἦ
787 4255 836 4313 δ’
875 4254 1091 4332 ἀπειρία
1127 4257 1310 4329 τέχην.
