3250 4700
1634 175 1717 238 46

444 385 602 448 dam
635 384 908 448 Platonis
935 371 1021 448 'in
1051 384 1304 449 Mexeno
1337 386 1640 449 rationem
1672 385 1929 450 conferri
1974 385 2172 450 liceat.
2252 384 2427 450 Sicut
2458 387 2621 450 enim
2652 389 2894 468 Agatho

403 517 410 524 ·
451 491 636 556 verbo
681 483 893 553 εἰπεῖν
935 490 1150 555 ludens
1195 492 1468 573 primum
1518 491 1777 572 quaerit,
1827 492 2127 573 quomodo
2158 492 2490 556 dicendum
2536 493 2617 556 sit
2664 492 2819 574 (194
2842 493 2891 555 Ε

451 592 720 680 πρῶτον
761 591 883 676 μὲν
925 589 1136 659 εἰπεῖν
1181 585 1268 673 (ὃς
1311 588 1425 682 χρή
1473 619 1554 678 με
1599 591 1835 682 εἰπεῖν)
1884 616 2075 679 eaque
2123 617 2189 662 re
2235 598 2485 663 definita
2531 598 2611 662 ad
2657 602 2896 663 certum

451 703 730 784 partium
773 702 1048 766 ordinem
1094 703 1386 785 pervenit,
1431 704 1521 766 ita
1554 703 1835 768 Socrates
1880 705 2095 767 vocula
2139 693 2329 788 λόγος
2371 704 2590 768 ludens
2621 705 2893 788 primum

447 809 725 890 exponit,
785 809 983 890 qualis
1052 827 1185 872 esse
1243 809 1463 874 debeat
1529 811 1721 873 oratio
1791 810 1945 892 (236
1968 810 2018 872 Ε
2080 808 2180 873 δεῖ
2240 800 2319 896 δὴ
2375 800 2669 874 τοιούτου
2724 801 2896 886 τινὸς

443 904 644 998 λόγου
691 951 773 960 -
801 907 921 990 ,τίς
967 897 1073 977 οὖν
1115 900 1192 976 &zv
1235 903 1386 999 ἡμῖν
1428 911 1721 990 τοιοῦτος
1777 904 1969 999 λόγος
2014 910 2243 1002 φανείη
2264 917 2329 999 ς),
2376 917 2559 997 idque
2604 917 2894 980 definiens

453 1022 756 1084 rationem
823 1021 1051 1084 ordinis
1121 1021 1484 1085 observandi
1526 1021 1745 1086 reddit.
1851 1021 2036 1086 Porro
2083 1023 2323 1102 Agatho
2370 1041 2561 1103 aeque
2606 1041 2679 1086 ac
2719 1022 2894 1086 Plato

451 1130 812 1190 accuratam
857 1127 1129 1209 partium
1159 1127 1631 1209 descriptionem
1676 1128 1936 1202 exhibet,
1985 1131 2047 1192 et
2090 1129 2365 1210 primum
2410 1127 2659 1209 quidem
2704 1128 2893 1192 totius

449 1233 744 1296 orationis
804 1232 958 1313 (195
983 1234 1039 1295 A
1086 1227 1433 1294 ἐπαινέσαι
1479 1229 1740 1316 πρῶτον
1798 1219 1987 1296 αὐτὸν
2050 1221 2190 1310 οἷός
2235 1229 2441 1310 ἐστιν,
2506 1228 2739 1296 ἔπειτα
2781 1223 2897 1309 τὰς

446 1328 731 1422 δόσεις),
791 1340 929 1401 tum
987 1339 1202 1420 prioris
1269 1338 1460 1420 partis
1525 1335 1719 1425 (φημὶ
1760 1323 2015 1423 ’Ἐρωτα
2072 1325 2645 1420 εὖδαιμονέστατον
2710 1329 2892 1416 εἶναι,

451 1433 803 1506 κάλλιστον
849 1428 1002 1506 ὄντα
1045 1439 1158 1505 καὶ
1205 1429 1513 1529 ἄριστον).
1606 1444 1931 1508 Praeterea
1975 1445 2151 1508 initia
2198 1445 2582 1525 singularum
2624 1447 2897 1527 partium

451 1549 533 1611 ab
579 1551 840 1630 utroque
885 1552 1181 1612 notantur
1226 1553 1336 1612 aut
1379 1549 1650 1631 prothesi
1694 1551 2035 1632 praemissa
2089 1552 2200 1613 aut
2243 1551 2741 1633 recapitulatione
2790 1550 2897 1613 ad-

449 1653 588 1718 dita
654 1658 765 1719 aut
825 1655 1033 1736 aliqua
1095 1655 1495 1719 enumerandi
1549 1655 1815 1719 formula
1873 1656 2167 1719 adhibita.
2261 1654 2436 1734 Quod
2496 1657 2717 1720 melius
2762 1674 2898 1738 per—

457 1762 613 1842 spici
658 1761 910 1842 poterit‚
968 1761 1018 1824 si
1064 1760 1520 1843 dispositionem
1565 1761 1857 1843 epitaphii
1919 1781 2065 1825 cum
2108 1761 2381 1844 partium
2424 1762 2584 1826 notis
2633 1762 2898 1844 descrip-

447 1867 737 1931 serimus.
829 1867 942 1930 Est
987 1867 1155 1931 enim
1198 1866 1385 1931 haec:

545 2045 617 2106 A.
711 2037 1062 2118 ἔπαινος
1107 2062 1157 2107 c.
1208 2044 1441 2107 5—17.

776 2183 1108 2247 Exordium
1155 2203 1206 2248 c.
1257 2186 1312 2261 5,
1361 2204 1480 2266 quo
1525 2184 1838 2266 dispositio
1883 2186 2248 2249 continetur..

666 2326 728 2408 1)
801 2311 1182 2409 εὐγένεια
1225 2345 1276 2390 c.
1327 2327 1385 2390 6.
1435 2328 1470 2391 7
1523 2324 1806 2411 (2371)).

873 2430 1301 2496 Praemittitur
1343 2434 1743 2514 prooemium,
1786 2434 1852 2496 in
1884 2452 2003 2514 quo
2049 2434 2425 2515 generositas
2469 2434 2558 2497 ita
2593 2433 2896 2508 definitur,
3008 2450 3025 2460 ’

769 2541 842 2601 ut
885 2538 1271 2602 contineatur
1322 2539 1765 2603 autochthonia
1814 2538 1966 2620 (237
1995 2538 2045 2601 Β
2095 2534 2209 2624 τῆς
2254 2524 2311 2601 δ’
2357 2525 2668 2623 εὐγενείας
2714 2536 2895 2623 πρῶ-

767 2644 933 2726 τον);
991 2644 1281 2707 laudatur
1326 2644 1514 2724 igitur
1575 2646 1738 2708 terra
1805 2643 1957 2725 (237
2002 2642 2048 2707 O
2096 2633 2510 2707 δικαιότατον
2570 2641 2896 2731 κοσμῆσαι

769 2745 1092 2834 πρῶτον);
1141 2768 1212 2813 ea
1259 2749 1423 2813 enim

881 2874 936 2918 a.
985 2844 1308 2941 θεοφιλής
1355 2850 1494 2917 ἐστι
1541 2854 1695 2936 (237
1726 2853 1771 2918 O
1820 2850 2079 2939 πρῶτον
2124 2851 2197 2918 δὲ
2242 2852 2355 2917 καὶ
2399 2852 2751 2940 μέγιστον),

875 2962 933 3024 b.
983 2956 1305 3045 ἐγέννησεν
1349 2945 1707 3046 ἄνθρωπον
1755 2958 1907 3042 (237
1934 2961 1991 3023 D
2039 2950 2327 3044 δεύτερος
2372 2957 2445 3024 δὲ
2492 2955 2803 3041 ἔπαινος).

667 3103 734 3184 2)
796 3091 1050 3188 τροφὴ
1096 3099 1238 3164 καὶ
1283 3096 1646 3165 παιδεία
1688 3120 1739 3165 c.
1791 3104 1826 3166 7
1876 3102 2130 3185 (237E)
2182 3139 2263 3146 —
2311 3122 2362 3166 c.
2411 3104 2468 3166 8.

877 3243 931 3287 a.
977 3215 1182 3311 τροφή
1242 3223 1470 3305 (237Ε
1538 3221 1712 3308 μέγα
1771 3221 1843 3287 δὲ
1901 3214 2243 3310 τεκμήριον
2300 3246 2508 3310 τουτί)
2566 3248 2657 3311 τι)
2701 3216 2891 3310 λόγῳ,

1055 3317 1156 3391 ότι
1201 3317 1313 3415 η’·δε
1359 3324 1611 3413 ε’τεκεν).

876 3437 933 3499 b.
980 3429 1256 3498 παιδεία
1300 3432 1428 3499 τῶν
1457 3432 1635 3499 θεῶν
1669 3434 1895 3518 (238Β
1937 3433 2323 3522 θρεψαμένῃ
2367 3434 2481 3499 καὶ
2513 3422 2888 3521 αὗξήσασα).

873 3562 923 3606 c.
971 3536 1276 3605 πολιτεία
1323 3540 1476 3624 (238
1503 3542 1555 3604 Β
1605 3539 2011 3627 γεννηθέντες
2060 3538 2133 3605 δὲ
2178 3539 2291 3605 καὶ
2336 3539 2847 3626 παιδευθέντες).

661 3667 729 3749 3)
802 3659 1050 3751 ἔργων
1094 3662 1402 3750 πρᾶξις
1444 3685 1494 3730 c.
1545 3667 1780 3730 9—17.

878 3771 1030 3853 (239
1057 3772 1112 3833 Α
1160 3759 1318 3833 ὅθεν
1358 3760 1435 3857 δή
1472 3806 1554 3817 -
1600 3768 2041 3856 τεθραμμένοι
2077 3809 2157 3818 ——
2191 3768 2302 3835 καὶ
2350 3761 2579 3859 φύντες
2612 3810 2693 3817 —-
2740 3767 2892 3858 ἔργα

769 3862 1232 3963 ἀπεφήναντο).

873 3981 1302 4046 Praemittitur
1344 3983 1723 4064 prooemium
1741 4031 1755 4058 ‚
1803 4002 1922 4065 quo
1970 3985 2317 4049 continetur
2360 3986 2606 4067 partitio
2654 3985 2808 4067 (239
2836 3986 2888 4048 Β

757 4076 1059 4173 (Ἕλλησιν
1130 4076 1296 4172 ὑπὲρ
1371 4076 1680 4174 Ἑλλήνων
1751 4085 1864 4151 καὶ
1932 4080 2285 4175 βαρβάροις
2349 4079 2514 4175 ὑπὲρ
2586 4079 2893 4155 ἁπάντων

767 4189 896 4256 τῶν
936 4182 1268 4278 Ἑλλήνων)
1331 4198 1392 4258 et
1435 4195 1781 4277 praeteritio
1828 4196 1906 4259 ad
1952 4196 2111 4261 bella
2155 4195 2434 4261 fabulosa
2482 4201 2782 4279 spectans.
