3250 4700
162 696 224 780 ς.
272 695 389 763 99.

1611 167 1697 228 54

614 375 841 463 Contra
909 377 1375 443 Lacedaemonii
1446 380 1824 442 accusantur
1868 378 2240 461 proditionis,
2312 379 2439 440 242
2486 379 2540 441 Β
2586 376 2866 440 καταλι-

436 472 686 560 πόντες,
760 471 860 559 οἷς
929 473 1266 569 ἐβοήθουν.
1382 485 1511 546 243
1579 485 1634 547 Β
1703 480 1796 570 τῷ
1866 479 2155 568 ἑχθίστῳ
2226 474 2869 570 ἐπικηρυκεῦσασθαι

433 586 710 670 βασιλεῖ,
759 591 820 652 et
863 590 1090 654 nimiae
1137 590 1492 654 dominandi
1535 590 1907 672 cupiditatis,
1955 591 2085 653 244
2132 589 2196 654 C.

611 694 810 758 Istam
867 714 1006 759 vero
1066 696 1328 760 eandem
1381 715 1515 760 esse
1577 696 1870 760 laudandi
1927 696 2257 771 rationem,
2326 715 2516 778 quam
2572 697 2637 760 in
2696 700 2867 779 parte

435 801 732 883 dialogica
793 802 1165 883 descriptam
1227 821 1359 866 9889
1420 801 1704 877 vidimuS,
1764 801 1940 866 facile
1986 802 2261 883 intellegi
2304 805 2521 884 potest.
2633 801 2867 866 Ornata

435 908 602 972 enim
671 911 766 972 est
832 907 1021 971 oratio
1091 907 1375 972 omnibus
1444 907 1715 971 artificiis
1786 908 2060 972 oratoriis
2124 897 2462 989 (κάλλιστά
2524 931 2671 984 πως
2728 911 2869 984 τοῖς

436 998 704 1094 ὀνόμασι
766 1008 1268 1095 ποικίλλοντες),
1341 1013 1680 1077 afferuntur
1743 1010 1853 1077 καὶ
1913 1003 1995 1076 τὰ
2062 1002 2392 1099 προσόντα
2449 1012 2560 1076 καὶ
2617 1004 2699 1076 τὰ
2756 1004 2864 1098 μή,

435 1118 773 1182 laudantur
825 1138 1036 1182 omnes
1053 1167 1067 1194 ,
1129 1111 1190 1182 οὶ
1234 1109 1742 1204 τετελεῑττγιὸτες
1794 1117 1907 1183 καὶ
1965 1113 2026 1182 οὶ
2073 1109 2383 1204 πρόγονοι
2426 1107 2710 1196 ἅπαντες
2754 1117 2867 1182 καὶ

435 1211 617 1288 αὐτοὶ
670 1217 733 1287 οἱ
779 1221 1024 1302 ζῶντες.
1116 1224 1246 1290 Nec
1290 1225 1497 1288 minus
1540 1225 1655 1290 loci
1704 1244 1889 1306 supra
1946 1226 2416 1308 comparationis
2462 1244 2650 1290 causa
2697 1227 2867 1289 allati

437 1331 518 1411 (ξ.
581 1332 679 1413 7),
746 1331 808 1394 111
870 1331 1092 1413 quibus
1151 1331 1536 1395 contionandi
1594 1331 1749 1394 ratio
1812 1329 2070 1411 Gorgiea
2126 1335 2505 1406 recensetur,
2573 1332 2638 1396 in
2708 1333 2866 1395 hanc

433 1438 771 1502 orationem
832 1437 1154 1518 quadrant.
1259 1437 1400 1501 Huc
1468 1437 1638 1500 enim
1704 1438 1966 1518 pertinet
2026 1438 2331 1502 sententia
2391 1438 2467 1503 de
2525 1439 2864 1519 Agathonis

433 1543 821 1607 oratiuncula
889 1545 1047 1617 lata3
1115 1561 1362 1625 operam
1431 1543 1596 1606 enim
1666 1543 1833 1606 dedit
1899 1545 2131 1617 orator,
2202 1531 2388 1619 ὅπως
2447 1533 2867 1627 ἐγκωμιάζειν

433 1639 626 1727 δόξει,
677 1635 786 1728 οὐχ
833 1635 1018 1724 ὅπως
1063 1639 1538 1732 ἐγκωμιάσεται
1599 1647 1838 1730 (Symp.
1888 1649 2011 1711 198
2057 1648 2127 1712 E.
2222 1647 2310 1712 Cf.
2351 1649 2585 1714 Menex.
2634 1652 2759 1712 235
2808 1650 2863 1710 I)

434 1741 618 1818 οὐδὲν
668 1753 838 1838 μέγα
893 1754 1108 1818 δοκεῖν
1163 1738 1230 1817 εὖ
1285 1750 1553 1837 λέγειν),·
1604 1755 1725 1818 ista
1784 1754 2000 1819 eadem
2045 1756 2140 1819 est
2186 1756 2542 1820 assentandi
2587 1759 2647 1819 et
2694 1756 2867 1819 blan-

432 1861 637 1926 diendi
680 1861 853 1936 ratic,
903 1879 1060 1942 quae
1103 1861 1169 1923 in
1221 1858 1445 1941 Gorgia
1490 1861 1837 1942 appellatur
1881 1853 2191 1944 ἐμπειρία
2236 1846 2641 1944 ἀπεργασίας
2682 1851 2864 1947 χάρι-

430 1957 542 2043 τός
583 1988 758 2042 τινος
801 1965 914 2029 καὶ
959 1955 1186 2052 ἡδονῆς
1216 1970 1328 2030 etc.
1403 1965 1524 2029 Hic
1564 1966 1867 2030 habemus
1899 1956 2031 2051 πρὸ
2060 1961 2187 2028 τῶν
2216 1953 2482 2052 ἀληθῶν
2511 1957 2593 2029 τὰ
2622 1957 2861 2044 εἰκότα,

430 2074 530 2137 1119
586 2077 649 2137 et
703 2092 890 2155 parva
949 2090 1182 2153 magna
1241 2091 1374 2138 esse
1434 2072 1721 2136 videntur
1778 2075 1839 2136 et
1895 2091 2124 2153 magna
2180 2092 2396 2136 rursus
2450 2092 2639 2155 parva
2699 2074 2758 2136 vi
2804 2077 2866 2138 et

429 2179 732 2260 gravitate
776 2179 1096 2252 orationis;
1147 2179 1352 2242 omnia
1391 2179 1556 2242 enim
1587 2197 1733 2242 cum
1765 2178 1973 2259 aliqua
2002 2178 2427 2260 probabilitate
2458 2179 2862 2261 proferuntur.

430 2284 649 2367 Itaque
693 2303 942 2348 necesse
990 2288 1100 2361 est,
1145 2285 1463 2349 audientes
1511 2277 1811 2367 γενναίως
1856 2273 2029 2347 πάνυ
2075 2278 2511 2347 διατίθεσθαι
2545 2289 2604 2348 et
2637 2304 2863 2367 σεμνο-

429 2385 649 2475 τέρους
694 2386 1037 2475 γίγνεσθαι
1086 2390 1240 2473 (235
1273 2392 1328 2454 A
1360 2392 1454 2474 8.).
1518 2392 1790 2473 Apparet
1835 2393 2065 2466 autem,
2113 2409 2268 2472 quae
2314 2391 2377 2455 in
2423 2391 2539 2455 hac
2570 2393 2861 2456 orationis

428 2500 600 2579 parte
661 2516 868 2561 rerum
911 2497 1153 2561 veritati
1196 2497 1604 2579 repugnantia
1667 2496 2090 2572 inveniuntur,
2151 2516 2223 2561 ea
2268 2517 2393 2561 non
2437 2499 2861 2579 neglegentiae

428 2604 756 2667 tribuenda
815 2622 976 2678 esse,
1037 2603 1137 2667 sed
1204 2603 1450 2667 consilio
1510 2602 1849 2684 philosophi
1908 2621 2098 2667 vanas
2161 2603 2569 2679 laudationeS,
2638 2605 2861 2685 quibus

430 2707 686 2790 Gorgias
753 2708 1006 2790 eiusque
1077 2708 1357 2791 discipuli
1424 2708 1681 2788 gloriam
1750 2708 2158 2789 quaerebant,
2234 2709 2453 2772 callida
2520 2710 2861 2774 imitatione

427 2815 756 2879 illudentis,

603 2920 848 2996 Restat,
912 2925 981 2984 ut
1037 2920 1110 2984 de
1154 2921 1346 2984 altera
1393 2920 1683 2984 orationis
1736 2923 1909 3001 parte
1956 2920 2329 2983 sententiam
2372 2920 2669 2998 feramuS,
2738 2941 2860 3003 qua

427 3164 543 3202 esse
581 3148 706 3217 (239
731 3148 792 3203 B.
833 3148 936 3201 242
955 3149 1017 3203 Β.
1057 3148 1160 3202 243
1180 3148 1283 3216 A.),
1321 3148 1484 3202 etiam
1519 3148 1619 3201 hoc
1659 3147 1775 3202 loco
1808 3164 1999 3202 nomen
2024 3148 2206 3216 populi
2244 3148 2475 3202 alicuius
2512 3149 2617 3202 sibi
2642 3150 2860 3203 videba-

427 3239 517 3290 tur
551 3253 890 3307 cognoscere,
939 3237 1095 3290 cuius
1146 3237 1316 3305 gratia
1350 3236 1705 3289 Athenienses
1754 3236 1955 3289 bellum
1990 3236 2366 3303 suscepissent.
2442 3237 2647 3291 Vocula
2681 3241 2862 3292 autem

429 3328 632 3395 ἑταῖροι
666 3325 702 3379 1.
741 3342 785 3379 e.
825 3325 1070 3379 factionis
1107 3326 1374 3378 consortes
1410 3326 1504 3379 aut
1540 3323 1928 3378 commilitones
1965 3340 2025 3377 eo
2061 3324 2256 3378 melius
2294 3325 2428 3378 socii
2452 3325 2863 3379 Atheniensium

427 3414 718 3483 significari
754 3416 1065 3483 potuerunt,
1109 3412 1252 3481 quod
1287 3412 1487 3466 belluni
1523 3412 1861 3466 Corinthium
1909 3429 2015 3466 non
2050 3414 2161 3466 tam
2207 3428 2237 3466 a
2286 3413 2596 3468 civitatibus
2634 3430 2794 3482 quam
2831 3431 2863 3469 a

427 3502 747 3556 factionibus
793 3501 1162 3555 democraticis
1213 3500 1751 3555 Lacedaemoniorum
1804 3500 2151 3555 dominationi
2207 3502 2612 3555 adversantibus
2658 3506 2861 3556 motum

427 3606 543 3643 esse
581 3593 800 3657 constat,
837 3591 1163 3659 quibuscum
1199 3589 1551 3643 Athenienses
1588 3589 1917 3657 Thrasybulo
1966 3592 2180 3643 auctore
2226 3589 2451 3643 consilia
2500 3591 2861 3645 communica·

425 3680 614 3733 verant
647 3681 701 3731 et
737 3694 899 3732 unam
935 3678 1090 3747 quasi
1126 3678 1410 3732 factionem
1446 3678 1755 3744 effecerant3
1800 3678 1981 3747 itaque
2028 3678 2165 3730 illud
2223 3677 2423 3732 bellum
2458 3678 2698 3732 Corinthi
2740 3679 2862 3748 qui·

427 3767 548 3820 dem
585 3783 710 3820 cum
745 3770 895 3821 motu
937 3767 1090 3819 civili
1127 3766 1470 3820 coniunctum
1507 3768 1646 3831 erat,
1694 3766 1974 3833 optimates
2023 3766 2167 3819 enim
2204 3765 2597 3820 Corinthiormn
2634 3783 2665 3821 a
2700 3768 2861 3821 sociis

426 3856 582 3909 eiecti
617 3855 1062 3909 Lacedaemonios
1098 3855 1238 3909 intra
1273 3870 1452 3912 muros
1490 3855 1556 3908 ad
1591 3854 1895 3907 Lechaeum
1942 3857 2153 3923 portum
2203 3854 2524 3922 pertinentes
2574 3856 2858 3923 duxerunt,

426 3943 508 3997 illi
544 3945 724 3997 autem
761 3942 1038 3997 castellum
1075 3946 1517 4012 expugnaverunt
1553 3946 1606 3996 et
1642 3959 1767 3995 cum
1803 3942 2236 4009 AtheniensibuS,
2276 3942 2580 4009 Corinthiis,
2619 3944 2862 4014 ArgiviS,

425 4031 638 4085 Boeotis
674 4049 907 4102 pugnam
955 4032 1348 4086 commiserunt.
1388 4030 1462 4084 Cf.
1502 4030 1640 4084 Xen.
1680 4029 1818 4084 Hell.
1859 4030 1909 4097 4,
1950 4031 1997 4085 2.
2036 4030 2084 4084 4.
2168 4031 2356 4100 Itaque
2402 4032 2627 4100 scriptor
2662 4032 2860 4101 optime

425 4120 618 4174 vocula
655 4122 856 4190 ἑταῖροι
912 4122 994 4174 uti
1031 4121 1233 4189 potuit,
1283 4119 1550 4173 notionem
1585 4119 1832 4172 factionis
1880 4136 2004 4173 911111
2051 4120 2257 4189 poetica
2294 4120 2597 4173 commilitii
2648 4122 2861 4175 notione

425 4224 767 4276 comungens.
