3250 4700
1600 184 1684 247 56

420 399 488 480 4)
554 386 844 478 δεόμεθα
907 385 976 460 δί
1030 391 1172 478 καί]
1231 397 1440 477 itaque
1485 414 1734 459 oramus
1794 397 2077 478 parentes
2094 443 2109 472 ,
2168 399 2241 460 ut
2294 395 2571 460 eiusdem
2629 397 2863 460 mentis

423 503 548 567 sint
594 506 655 568 et
709 502 908 567 sciant
953 521 1018 566 se
1064 501 1239 565 nobis
1284 505 1536 582 gratum
1579 502 1851 566 facturos
1896 520 2031 566 esse
2061 521 2183 566 non
2211 502 2492 582 lugentes
2525 502 2867 584 (sententia

311 613 314 616 ’
420 609 516 674 bis
564 609 862 690 repetitur
917 610 980 672 et
1035 607 1318 688 negative
1374 610 1438 671 et
1489 606 1913 689 affirmative);
1966 611 2177 672 nostra
2233 608 2401 672 enim
2444 609 2571 670 vita
2627 607 2861 672 exitum

143 3108 208 3194 ξ.
255 3106 373 3175 38.

426 715 680 779 habebit
723 732 849 778 non
892 716 1026 777 tam
1069 713 1243 776 luctu
1288 732 1479 794 quam
1523 713 1749 777 honore
1795 713 2056 794 dignum
2108 716 2171 778 et
2218 732 2366 778 cura
2408 733 2669 778 uxorum
2712 714 2870 777 libe-

419 839 750 902 rorumque
794 823 1146 883 nostrorum
1177 838 1278 884 eos
1321 820 1388 882 in
1419 818 1788 883 oblivionem
1822 819 2193 883 calamitatis
2226 819 2506 884 adducet.
2579 819 2869 900 Denique

420 927 634 1008 paucis
681 925 914 990 civitati
958 927 1290 1008 parentum
1333 927 1394 988 et
1437 924 1770 989 liberorum
1816 944 2069 989 suorum
2123 944 2339 989 curam
2374 925 2828 990 commendant.

597 1049 918 1133 Repetitur
984 1049 1173 1130 igitur
1229 1051 1448 1130 quater
1502 1049 1598 1113 vel
1653 1068 1692 1112 v
1695 1049 1929 1112 ariatur
1991 1049 2208 1113 eadem
2265 1049 2600 1114 sententia.
2656 1050 2784 1112 247
2812 1047 2868 1112 O

421 1178 510 1231 ως
564 1151 770 1241 ῥᾷστα
829 1151 1048 1272 φέρειν
1101 1145 1215 1240 τὴν
1273 1145 1619 1241 ξυμφοράν.
1713 1155 1771 1217 D
1818 1151 1931 1218 καὶ
1950 1151 2313 1274 Ἡφέροντες
2352 1151 2473 1236 μὲν
2532 1141 2863 1239 ἇνδρείως

421 1262 550 1324 248
573 1262 630 1325 A
677 1246 819 1324 οὐτε
865 1251 983 1346 γὰρ
1024 1254 1260 1345 χαίρων
1303 1245 1444 1323 οὔτε
1487 1250 1887 1341 λυποίμενος
1943 1245 2105 1344 α’γαν
2148 1251 2521 1346 φανήσεται.
2615 1259 2661 1325 C
2708 1252 2863 1324 κού·

421 1389 564 1452 φως
607 1362 682 1429 δὲ
725 1364 837 1428 καὶ
880 1360 1155 1450 μετρίως
1203 1362 1571 1452 (φέροντες).

599 1489 820 1555 Orator
849 1493 1062 1554 autem
1105 1489 1234 1571 ipse
1275 1489 1704 1554 adhortatione
1737 1490 1999 1554 breviter
2030 1490 2305 1572 expedita
2350 1489 2503 1571 (248
2528 1490 2578 1552 E
2624 1487 2859 1571 δέομαι

417 1592 546 1659 τῶν
587 1592 706 1676 μὲν
746 1597 1106 1677 μιμεῖσθαι
1149 1585 1297 1670 τοὺς
1343 1583 1572 1679 αὑτῶν)
1646 1595 2121 1660 consolationem
2180 1596 2417 1678 peragit
2460 1595 2867 1661 describenda-

420 1701 764 1766 accuratius
811 1701 1074 1765 civitatis
1117 1720 1297 1777 cura,
1355 1720 1512 1782 quae
1573 1720 1867 1765 conversa
1925 1704 2019 1765 est
2090 1702 2151 1783 1)
2197 1703 2263 1765 in
2307 1705 2609 1784 parentes,
2683 1701 2749 1785 2)
2794 1703 2858 1765 111

421 1809 642 1872 liberos
703 1797 876 1890 (τοὺς
920 1794 994 1870 δὲ
1039 1805 1290 1882 παῖδας
1346 1803 1778 1893 συνεκτρέφει)
1797 1855 1812 1883 ,
1892 1806 1957 1890 3)
2016 1807 2082 1870 111
2137 1808 2301 1890 ipsos
2355 1809 2584 1872 milites
2628 1808 2859 1872 occisos

422 1899 674 1996 (αὖτοὺς
735 1909 810 1976 δὲ
866 1903 1016 1988 τοὺς
1069 1902 1604 1997 τελευτήσαντας).
1710 1912 1881 1992 Quae
1950 1914 2291 1978 sententiae
2349 1915 2585 1978 inverso
2650 1914 2867 1978 ordine

419 2019 933 2101 recapitulantur:
1002 2015 1116 2080 καὶ
1171 2005 1448 2098 ατεχνῶς
1504 2015 1633 2081 τῶν
1697 2015 1817 2100 μὲν
1874 2009 2376 2105 τελευτησάντων
2424 2057 2503 2066 —
2522 2069 2536 2097 ,
2594 2016 2723 2082 τῶν
2784 2015 2857 2082 δὲ

419 2118 606 2187 υἱέων
653 2162 733 2170 —-
751 2175 766 2202 ,
835 2120 1068 2208 γονέων
1126 2120 1202 2186 δέ
1260 2122 1396 2187 κτλ.
1506 2123 1799 2206 Sequitur
1856 2127 2161 2190 sententia
2218 2145 2291 2190 ex
2357 2129 2629 2191 extrema
2684 2129 2866 2208 parte-

419 2229 848 2294 consolationis
920 2230 1194 2293 militum
1261 2230 1601 2295 occisorum
1674 2231 1933 2312 repetita
2012 2221 2395 2317 (πρᾳότερον
2463 2228 2682 2318 φέρειν
2746 2222 2861 2317 τὴν

420 2325 749 2424 ξυμφοράν
792 2333 928 2399 κτλ.
977 2335 1052 2401 cf.
1096 2337 1224 2400 248
1259 2334 1372 2421 C.).

597 2460 827 2539 Quodsi
875 2438 1232 2536 sententiaS,
1281 2480 1440 2542 quae
1487 2462 1683 2525 altera
1725 2465 1901 2544 parte
1939 2462 2347 2538 continentur,
2391 2462 2861 2543 perlustramuS,

417 2566 629 2648 negari
673 2586 796 2629 11011
840 2570 1072 2649 potest,
1119 2567 1334 2630 multis
1405 2566 1688 2649 quamvis
1736 2567 1967 2631 decoris
2014 2568 2213 2631 verbis
2269 2586 2467 2650 pauca
2512 2568 2677 2631 dicta
2723 2587 2857 2631 esse

415 2691 614 2754 neque
659 2691 930 2754 usquam
973 2672 1097 2735 nisi
1128 2671 1369 2736 duobus
1414 2672 1563 2735 locis
1610 2674 1740 2736 246
1764 2672 1814 2734 Ε
1862 2668 2052 2735 πᾶσα
2098 2663 2425 2758 ἐπιστήμη
2470 2671 2605 2735 κτλ.
2652 2674 2780 2736 247
2804 2673 2865 2737 Β

417 2766 546 2863 ὅτῳ
593 2768 711 2862 γὰρ
755 2764 940 2863 ἀνδρί
979 2775 1115 2839 κτλ.
1167 2777 1266 2859 (cf.
1309 2778 1458 2859 Rep.
1491 2777 1604 2853 III,
1652 2779 1779 2841 387
1805 2777 1888 2861 D)
1936 2778 2274 2842 sententias
2320 2797 2666 2854 occurrere,
2701 2797 2859 2860 quae

417 2883 497 2947 ad
540 2884 842 2948 rationem
886 2883 1268 2947 Platonicam
1312 2883 1676 2966 pertineant.
1751 2886 1835 2948 At
1878 2903 1955 2948 ne
2001 2885 2155 2949 haec
2200 2885 2449 2966 quidem
2493 2885 2645 2948 talia
2692 2888 2863 2959 sunt,

418 3007 575 3071 quae
618 2990 714 3053 vel
759 3008 796 3053 a
842 2987 1082 3069 Gorgiis
1127 2989 1247 3053 dici
1291 3008 1413 3053 non
1458 2990 1783 3072 potuerint.

598 3112 771 3192 Quae
818 3131 962 3175 cum
1015 3114 1103 3177 ita
1168 3113 1294 3176 sint
1311 3160 1326 3189 ,
1387 3112 1538 3176 satis
1595 3115 1850 3196 apparet
1908 3114 2418 3178 declamationem
2474 3115 2858 3178 demonstra-

415 3219 608 3282 tivam
657 3212 1024 3300 (έπίδειξιν)
1074 3237 1112 3281 0
1145 3217 1396 3283 Socrate
1440 3219 1823 3301 pronuntiari
1870 3219 1949 3282 ad
1995 3219 2464 3285 similitudinem
2494 3221 2853 3303 disciplinae

417 3324 713 3405 Gorgieae
759 3323 1180 3406 compositam.
1273 3322 1387 3389 Oui
1432 3324 1699 3407 opinioni
1742 3325 1895 3389 bene
1942 3324 2279 3407 opitulatur
2321 3326 2651 3408 Dionysius
2671 3374 2685 3402 ,
2751 3327 2857 3409 qui

418 3449 807 3512 quamquam
853 3430 1178 3493 consilium
1237 3430 1578 3512 philosophi
1634 3449 1759 3493 non
1812 3431 2144 3513 perspexit,
2200 3434 2408 3495 tamen
2452 3432 2580 3495 veri
2626 3432 2857 3513 aliquid

414 3536 568 3599 dixit
612 3537 953 3600 orationem
996 3535 1380 3600 Platonicam
1425 3555 1787 3618 comparans
1834 3526 2148 3613 εἰδώλοις,
2198 3526 2460 3617 σώμασι
2506 3526 2697 3612 σκιὰς
2742 3536 2855 3599 καὶ

414 3630 746 3726 ῥᾳστώνας
793 3631 1157 3719 διώκουσιν,
1205 3628 1471 3727 ἀνθηρῷ
1512 3635 1726 3727 χωρίῳ
1773 3631 2153 3726 καταγωγὰς
2210 3630 2431 3727 ἡδείας
2478 3635 2684 3722 ἔχοντι
2742 3642 2855 3705 καὶ

413 3742 681 3833 τέρψεις
735 3742 1094 3833 ἐφημέρους
1115 3746 1184 3830 ¹).
1274 3746 1444 3825 Quae
1491 3748 1862 3830 comparatio
1907 3748 2133 3830 optime
2180 3747 2445 3829 quadrat
2487 3767 2611 3812 non
2657 3749 2857 3813 solum

412 3853 476 3917 in
523 3871 662 3917 eam
708 3871 899 3933 quam
949 3852 1341 3934 philosophus
1397 3853 1528 3936 ipse
1586 3853 1831 3918 exhibet
1890 3853 2317 3917 laudationum
2363 3854 2851 3937 descriptionem,

415 3958 523 4022 sed
568 3958 759 4023 etiam
801 3958 865 4021 in
913 3958 1154 4023 scholae
1202 3956 1496 4039 Gorgieae
1541 3948 1827 4022 indolem.
1915 3958 2133 4040 Itaque
2177 3978 2323 4024 cum
2367 3964 2675 4045 appareat,
2722 3980 2857 4024 ora-

595 4221 634 4288 1)
669 4220 705 4273 1.
746 4236 788 4274 0.
829 4237 873 4274 0.
915 4220 998 4288 32,
1035 4236 1086 4287 p.
1128 4220 1280 4275 1056.
