3250 4700
191 1406 254 1492 ς.
303 1404 419 1472 23.

1653 174 1738 236 34

467 374 916 458 νώσκουσα,
985 372 1108 446 ὅτι
1172 375 1605 460 παθόντες
1672 371 1801 446 ύπ
1866 371 2114 470 αὐτῆς
2170 381 2439 460 κακῶς
2497 378 2733 460 ικανῶς
2793 374 2907 446 οῦκ

469 485 698 565 ἐνδεῶς
755 477 1086 576 ἠμύναντο,
1169 492 1176 572 Ι
1254 493 1436 566 τοῖς
1509 478 2027 610 65:7322220122
2104 477 2711 574 ἀγανακτοῦσα,
2790 511 2907 570 με-

465 591 773 682 μνημένη,
836 584 925 672 ὡς
989 580 1071 659 εἷ
1139 586 1559 672 παθόντες
1627 582 1755 658 ὑπ’
1819 583 2039 682 αὐτῆς
2096 595 2238 659 οἵαν
2301 586 2484 680 χάριν
2547 582 2902 659 απέδοσαν.

469 701 514 766 C
575 692 718 778 τάς
773 725 854 766 τε
913 698 1104 778 ναῦς
1161 692 1745 786 περιελόμενοι
1804 699 1879 763 αἵ
1934 723 2067 764 ποτ
2152 696 2430 776 ἐκείνους
2491 695 2830 778 εσωσαν,
2893 698 2899 787 Ι

466 805 607 870 καὶ
688 804 915 894 τείχη
982 798 1482 884 καθελόντες
1549 787 1796 870 ἆνθίῦν
1856 796 2037 892 ἡμεῖς
2109 793 2416 870 τάκείνων
2500 797 2907 887 ἐκωλύσαμεν

467 935 563 978 πε
581 917 744 977 σεῖν.
839 916 968 977 246
1015 916 1068 978 Α
1129 904 1345 976 πολλὰ
1400 910 1520 994 μὲν
1575 903 1658 976 τὰ
1700 907 1997 998 εἰρημένα
2041 910 2150 975 καὶ
2200 903 2386 989 καλά,
2454 915 2461 994 Ι
2524 903 2695 975 πολὺ
2742 899 2904 976 δ’ἔτι

466 1015 674 1083 πλείω
720 1017 830 1082 καὶ
877 1014 1120 1082 καλλίω
1164 1008 1245 1082 τὰ
1289 1008 1793 1099 ὑπολειπόμενα.

1440 1270 1492 1320 ο.
1561 1245 1933 1321 Antitheta.

643 1408 762 1472 Per
809 1428 1056 1472 omnem
1099 1408 1224 1472 fere
1270 1409 1608 1473 orationem
1655 1408 2113 1472 enuntia-torum
2159 1411 2536 1472 structuram
2577 1427 2716 1472 eam
2748 1427 2901 1485 esse,

463 1518 535 1579 ut
578 1515 722 1580 bina
767 1515 1047 1579 membra
1091 1517 1490 1597 opponantur,
1535 1514 1711 1578 facile
1756 1514 2029 1595 intellegi
2074 1517 2292 1597 potesb.

646 1641 701 1702 1.
769 1639 859 1702 Ao
903 1638 1177 1720 primum
1219 1638 1283 1701 id
1328 1657 1524 1719 genus
1571 1638 2016 1702 antithetorum
2061 1637 2579 1702 considerandum
2622 1641 2734 1712 est,
2782 1658 2901 1720 quo

465 1745 769 1828 proposita
815 1745 1021 1826 aliqua
1066 1763 1164 1808 res
1209 1744 1307 1807 vel
1349 1743 1514 1807 notio
1559 1745 1624 1807 in
1670 1744 1825 1807 duas
1870 1746 2079 1826 partes
2126 1743 2433 1807 dividitur.
2528 1742 2709 1824 Gorg.
2741 1744 2901 1825 Epit.

465 1852 525 1933 a)
572 1841 769 1914 δισσὰ
813 1836 1207 1936 ἀσκήσαντες
1254 1886 1334 1894 -
1383 1840 1651 1935 γνώμην,
1699 1839 1812 1935 τὴν
1852 1845 1974 1930 μὲν
2015 1839 2434 1930 βουλεύοντες,
2480 1839 2593 1935 τὴν
2624 1846 2697 1912 δὲ
2727 1835 2900 1912 οἷπο-

462 1953 784 2032 τελοῦντες
839 1956 903 2039 b)
955 1951 1293 2040 ἐκέκτηντο
1355 1949 1582 2019 ἔνθεον
1624 1951 1745 2036 μὲν
1786 1945 1899 2040 τὴν
1942 1941 2184 2040 ἀρετήν,
2244 1941 2665 2040 ἀνθρώπινον
2710 1951 2783 2018 δὲ
2828 1945 2903 2018 τὸ

463 2053 720 2148 θνητόν.
769 2063 826 2144 ο)
871 2063 1160 2145 τροπαῖα
1206 2051 1556 2147 ἐστήσαντο
1597 2057 1727 2124 τῶν
1771 2055 2121 2142 πολεμίων,
2172 2049 2339 2136 Διὸς
2380 2057 2500 2142 μὲν
2541 2047 2899 2144 ἀγάλματα,

462 2158 703 2231 τούτων
759 2164 832 2231 δὲ
891 2153 1303 2252 ἀναθήματα.
1397 2165 1640 2249 Olymp.
1699 2157 1939 2252 τόλμης
2010 2163 2121 2229 καὶ
2171 2160 2430 2252 σοφίας·
2501 2157 2740 2252 τόλμης
2784 2163 2903 2248 μὲν

467 2312 546 2319 -
596 2268 837 2361 σοφίας
884 2269 976 2336 δὲ.

638 2398 933 2462 Menex.
1042 2398 1170 2461 236
1233 2397 1291 2460 D
1361 2395 1919 2483 προπεμφθέντες
1986 2392 2167 2483 κοινῇ
2232 2394 2352 2478 μὲν
2416 2434 2497 2443 -
2600 2392 2742 2482 ἰδίᾳ
2810 2394 2905 2461 δέ.

463 2506 589 2568 237
638 2504 695 2566 D
743 2500 877 2581 ζῶα
923 2493 1340 2579 παντοδαπά,
1403 2497 1606 2588 θηρία
1649 2523 1718 2565 τε
1761 2500 1874 2565 καὶ
1918 2494 2101 2585 βοτά.
2197 2505 2324 2566 238
2373 2502 2419 2567 C
2468 2498 2772 2566 πολιτειά
2820 2541 2901 2549 -

464 2605 622 2687 ἐστί,
669 2600 833 2695 καλὴ
876 2606 997 2691 μὲν
1044 2646 1124 2653 -—
1171 2597 1210 2693 ἡ
1257 2595 1593 2671 δ’ἕναντία.
1688 2609 1738 2671 Ε
1785 2609 1846 2691 a)
1897 2602 1963 2671 αἱ
2012 2607 2375 2686 πολιτεῖαι,
2434 2604 2792 2694 τυραννίδες
2834 2631 2904 2672 τε

461 2714 574 2779 καὶ
620 2702 1000 2799 ὀλιγαρχίαι.
1094 2715 1158 2797 b)
1211 2708 1497 2777 οἰκοῦσιν
1539 2708 1699 2777 ἔνιοι
1744 2711 1863 2795 μὲν
1909 2752 1990 2760 -
2043 2708 2101 2777 οἱ
2148 2712 2239 2777 δέ.
2334 2717 2461 2779 239
2494 2718 2549 2778 Α
2592 2710 2687 2791 εἷς
2732 2704 2902 2777 πάν-

460 2844 578 2897 τας
638 2808 1036 2906 ἀνθρώπους
1090 2814 1202 2883 καί
1259 2814 1400 2905 ἰδίᾳ
1445 2817 1556 2883 καὶ
1607 2815 1907 2906 δημοσίᾳ.
2003 2821 2054 2883 Β
2101 2810 2268 2905 ῦπὲρ
2312 2817 2425 2906 τῆς
2470 2816 2842 2906 ἐλευθερίας
2892 2819 2897 2907 Ι

462 2924 576 2989 καὶ
608 2915 908 3012 ’Ἑλλησιν
952 2915 1118 3011 ὖπέρ
1168 2962 1249 2971 -
1297 2924 1408 2989 καὶ
1454 2916 1810 3011 βαρβάροις
1852 2916 2038 3010 ὑπέρ.
2132 2928 2260 2990 240
2296 2926 2341 2991 C
2387 2917 2629 2990 τούτων
2672 2923 2745 2990 δὲ
2776 2923 2903 2989 τῶν

459 3028 578 3113 μὲν
621 3030 1078 3117 πραχθέντων,
1124 3028 1253 3095 τῶν
1298 3019 1914 3118 δ’ἐπιχειρουμένων.
2009 3034 2132 3096 241
2172 3035 2227 3095 Α
2260 3022 2474 3095 πολλὰ
2518 3028 2638 3114 μὲν
2676 3018 2759 3095 ἄν
2800 3055 2902 3109 τις

463 3132 595 3217 ἔχοι
645 3136 947 3216 διελθεῖν,
991 3135 1104 3201 καὶ
1151 3126 1260 3201 οἷα
1308 3128 1582 3201 ἐπιόντα
1613 3175 1695 3183 ——
1728 3135 1840 3200 καὶ
1886 3126 1975 3213 ὥς
2017 3124 2329 3224 ἠμύναντο
2372 3133 2590 3201 ταῦτα.
2684 3139 2737 3201 Β
2784 3126 2898 3201 ὑπ’

459 3230 845 3331 ἀμφοτέρων
891 3280 971 3288 --
1019 3240 1146 3305 τῶν
1188 3264 1258 3306 τε
1306 3240 1685 3328 Μαραθῶνι
1734 3239 2192 3324 μαχεσαμένων
2242 3242 2354 3307 καὶ
2398 3240 2527 3307 τῶν
2574 3240 2640 3307 ἐν
2689 3243 2898 3307 Σαλα-

457 3352 596 3431 μῖνι
639 3339 1172 3435 ναυμαχησάντων
1220 3386 1301 3394 -
1348 3338 1482 3411 ὑπὸ
1525 3344 1645 3429 μὲν
1688 3345 1817 3411 τῶν
1860 3339 2025 3411 κατὰ
2074 3346 2202 3436 γῆν,
2265 3339 2397 3412 ῦπὸ
2443 3346 2516 3413 δὲ
2560 3346 2688 3413 τῶν
2732 3340 2898 3413 κατὰ

463 3446 818 3533 θάλατταν,
867 3474 987 3537 quo
1032 3457 1161 3519 loeo
1208 3455 1397 3519 etiam
1441 3454 1760 3537 participia
1806 3454 2016 3519 addjta
2060 3445 2401 3536 μαθόντας
2431 3452 2542 3518 καὶ
2577 3451 2897 3519 ἐθισθέν-

458 3583 577 3635 τας
631 3562 696 3624 in
753 3563 1119 3626 alterutram
1176 3564 1420 3644 partem
1463 3560 1886 3625 distribuenda
1934 3564 2098 3625 sunt.
2190 3561 2240 3624 E
2286 3545 2446 3647 ἦσαν
2492 3558 2565 3625 δὲ
2613 3542 2787 3625 οἶτοι
2837 3561 2905 3625 οἵ

458 3686 528 3728 τε
574 3653 682 3728 ἐπ’
735 3654 1158 3751 Εὐρυμέδοντι
1194 3704 1275 3712 —-
1308 3663 1422 3729 καὶ
1468 3659 1532 3730 οἳ
1577 3660 1674 3742 εἷς
1720 3657 1990 3752 Κύπρον
2023 3704 2102 3713 —-
2138 3665 2250 3730 καὶ
2300 3662 2361 3730 οἳ
2407 3661 2502 3743 εἷς
2545 3659 2900 3751 Αἴγυπτον

463 3810 542 3817 -
589 3769 699 3834 καὶ
757 3758 989 3836 ὄλλοσε
1045 3763 1428 3853 πολλαχόσε.
1525 3775 1652 3837 242
1699 3775 1755 3835 Α
1811 3756 2011 3858 ἦλθεν
2069 3759 2179 3835 ἐπ’
2228 3759 2449 3859 αὗτήν,
2512 3757 2549 3837 ὃ
2595 3763 2673 3859 δὴ
2720 3772 2899 3861 φιλεῖ

461 3916 542 3923 -
589 3874 850 3963 πρῶτον
891 3874 1012 3959 μὲν
1056 3873 1256 3965 ζῆλος,
1313 3865 1452 3941 άπὸ
1498 3869 1687 3964 ζήλου
1732 3875 1804 3941 δὲ
1849 3868 2122 3965 φθόνος.
2214 3879 2263 3941 Ε
2312 3876 2548 3943 πολλοὶ
2599 3917 2678 3925 -
2727 3882 2895 3943 κεῖν-

456 4006 594 4061 ται,
644 3979 882 4047 πολλοὶ
926 3980 1046 4066 μὲν
1092 4022 1194 4062 -,
1260 3981 1497 4047 πολλοὶ
1544 3980 1637 4047 δέ.
1729 3986 1859 4048 245
1906 3985 1963 4047 D
2024 3970 2212 4048 ι’)ἷλλοι
2258 3983 2496 4048 πολλοὶ
2542 3976 2729 4072 φύσει
2779 3982 2898 4067 μὲν

456 4078 770 4173 βάρβαροι
813 4076 1005 4167 ὄντες,
1051 4081 1223 4175 νόμῳ
1271 4087 1343 4153 δὲ
1375 4078 1688 4176 (Έλληνες.
1784 4092 1912 4154 246
1958 4095 2013 4155 Α
2066 4081 2146 4154 τα
2194 4086 2346 4175 ἔργα
2390 4129 2471 4137 -
2520 4081 2736 4155 πολλὰ
2779 4089 2901 4172 μὲν

456 4183 539 4255 τὰ
594 4188 891 4280 εἰρημένα
949 4193 1059 4258 καὶ
1119 4186 1305 4273 καλά,
1365 4186 1536 4259 πολὺ
1595 4183 1754 4261 δ’ἔτι
1808 4235 1888 4242 --
1934 4188 2015 4261 τὰ
2060 4186 2565 4280 ὑπολειπόμενα.
2662 4199 2789 4261 248
2838 4198 2895 4260 D
