3250 4700
1589 111 1672 174 50

1421 202 1526 209 --

415 343 550 390 esse
614 323 769 406 (242
819 323 920 408 C),
977 342 1358 406 quamquam
1417 326 1690 399 constat,
1742 341 1979 387 morem
2036 323 2162 386 iam
2208 326 2353 386 ante
2397 323 2558 386 bella
2603 322 2857 386 Persica

417 450 537 495 usu
605 434 920 512 receptum
985 430 1177 494 fuisse
1192 477 1206 505 ,
1276 449 1420 493 cum
1485 430 1866 511 sepulturam
1933 429 2204 492 militum
2265 429 2429 511 apud
2482 427 2854 492 Marathona

417 537 756 602 occisorum
798 555 836 599 a
879 536 1316 600 consuetudine
1349 535 1702 600 discessisse
1732 534 2119 616 Thucydides
2141 535 2187 618 ¹)
2220 534 2444 599 tradat.
2538 533 2657 613 Qui
2688 553 2858 598 error

418 644 483 706 in
514 662 600 720 ec,
635 643 742 724 qui
774 642 1153 725 epitaphium
1184 641 1529 717 conscribit,
1563 644 1696 704 tam
1726 641 1923 704 mirus
1955 643 2068 716 est,
2113 643 2186 704 ut
2215 659 2337 704 non
2366 641 2639 704 multum
2670 641 2856 715 absit,

418 751 568 832 quin
601 749 844 812 credere
875 766 1188 828 cogamur,
1221 749 1410 812 istam
1441 766 1574 811 esse
1605 747 1996 811 inscientiam
2028 746 2401 822 affectatam,
2428 764 2585 828 quae
2618 748 2857 827 spectet

417 855 495 918 ad
540 873 612 919 ea
657 873 814 936 quae
856 854 1146 934 leguntur
1186 854 1252 917 in
1297 852 1522 934 Gorgia
1567 854 1695 916 459
1742 853 1795 914 B
1857 840 1892 914 ὁ
1939 838 2053 915 οὐκ
2096 841 2289 928 εἰδὼς
2331 848 2444 914 τοῦ
2488 841 2739 926 εἰδότος
2787 846 2859 912 ἐν

419 947 532 1022 οὐκ
585 949 793 1023 εἰδόσι
850 947 1305 1043 πιθανώτερος
1361 953 1566 1021 ἔσται.
1675 956 1721 1022 C
1782 947 1995 1044 πολλὴ
2051 947 2342 1043 ῥᾳστώνη
2401 946 2490 1044 μὴ
2548 946 2854 1037 μαθόντα

417 1057 534 1142 τὰς
579 1051 778 1142 &Mag
814 1063 1038 1145 τέχνας
1093 1060 1294 1150 μηδὲν
1349 1060 1803 1128 ἐλαττοῦσθαι.
1896 1064 1971 1127 In
2015 1065 2173 1128 bello
2231 1066 2442 1128 autem
2485 1063 2853 1145 Peloponne-

427 1173 588 1236 siaco
648 1171 1024 1254 exponendO,
1097 1171 1260 1252 quod
1304 1189 1502 1234 unum
1564 1189 1765 1251 neque
1823 1168 2155 1251 umquam‘
2190 1169 2612 1233 iutermissum
2665 1167 2856 1232 fuisse

417 1277 804 1360 Thucydides
871 1277 1292 1341 demonstrare
1339 1277 1547 1340 studet
1573 1278 1647 1360 2),
1716 1275 2111 1358 philosophus
2165 1293 2288 1338 non
2354 1275 2693 1339 inconsulte
2752 1291 2855 1337 eos

419 1383 662 1448 videtur
708 1388 956 1448 secutus
1002 1401 1166 1458 esse,
1224 1381 1330 1463 qui
1374 1381 1494 1445 duo
1539 1383 1699 1444 bella
1746 1381 2103 1445 statuebant
2120 1381 2201 1464 ³),
2248 1399 2501 1462 remque
2544 1380 2633 1443 ita
2676 1379 2860 1442 insti-

422 1491 632 1565 tuisse,
676 1492 749 1553 ut
777 1507 896 1572 pax
933 1487 1166 1564 Niciae,
1212 1487 1433 1570 quippe
1465 1505 1621 1568 quae
1655 1469 2124 1550 Atheniensium
2155 1487 2390 1550 nomini
2418 1485 2589 1550 laudi
2616 1484 2854 1560 fuisset,

419 1597 562 1659 finis
619 1595 762 1660 belli
822 1594 1131 1658 videretur
1153 1594 1222 1677 4).
1314 1593 1498 1656 Porro
1560 1593 1717 1656 duae
1764 1611 1921 1674 quae
1967 1592 2299 1656 traduntur
2339 1591 2745 1674 expeditiones
2789 1590 2855 1654 in

423 1701 698 1766 Siciliam
770 1700 968 1763 factae
985 1747 1000 1776 ,
1089 1716 1353 1780 quarum
1441 1699 1701 1762 alteram
1775 1698 2209 1762 Leontinorum
2296 1697 2496 1779 gratia
2570 1697 2852 1772 Lachete,

423 1806 715 1889 Sophocle
730 1853 746 1882 ,
811 1805 1270 1887 Eurymedonte
1332 1804 1591 1868 ducibus
1614 1806 1664 1888 5)
1684 1851 1700 1880 ,
1770 1804 2030 1868 alteram
2091 1803 2411 1868 duodecim
2480 1803 2658 1867 annis
2720 1805 2860 1884 post

423 1913 902 1994 Segestanorum
960 1911 1161 1992 gratia
1213 1910 1531 1982 Alcibiade
1591 1913 1839 1974 auctore
1862 1912 1912 1994 6)
1986 1913 2339 1991 susceptam
2401 1928 2533 1974 esse
2594 1911 2858 1984 constat,

420 2020 507 2085 ita
553 2017 1024 2093 confunduntur,
1072 2019 1143 2080 ut
1178 2016 1473 2099 posterior
1503 2015 1839 2097 eademque
1870 2015 2065 2078 maior
2095 2015 2391 2097 expeditio
2422 2014 2857 2081 Leontinorum

422 2123 622 2205 gratia
667 2123 821 2204 (243
852 2122 931 2206 A)
977 2122 1257 2186 videatur
1297 2121 1463 2186 facta
1503 2141 1655 2186 esse.
1744 2123 1829 2186 At
1870 2141 1950 2185 ne
1990 2122 2091 2185 hic
2122 2121 2372 2203 quidem
2403 2121 2856 2202 neglegentiam

419 2229 815 2313 philosophus
859 2227 1200 2292 inconsulte
1247 2227 1570 2291 admisisse
1616 2227 1875 2292 videtur.
1966 2227 2133 2290 Nam
2178 2245 2323 2292 cum
2368 2229 2623 2300 constet,
2668 2228 2862 2290 Athe·

318 2383 323 2387 -
421 2335 754 2411 niensibuS,
799 2337 871 2399 ut
913 2333 1177 2417 priorem
1223 2333 1666 2421 expeditionem
1713 2334 2107 2416 susciperent,
2158 2331 2449 2414 Gorgiam
2488 2332 2858 2398 Leontinum

421 2441 829 2525 persuasisse,
892 2438 1222 2504 verisimile
1283 2442 1406 2516 est,
1469 2443 1799 2515 oratorem,
1859 2440 1964 2521 qui
2024 2439 2304 2504 Leontini
2362 2458 2427 2503 se
2488 2439 2857 2522 discipulum

419 2548 739 2630 profitetur
753 2594 768 2623 ,
830 2546 904 2611 de
963 2546 1261 2627 magistro
1321 2546 1662 2626 significare
1680 2593 1695 2621 ,
1758 2546 1979 2628 quippe
2035 2546 2211 2609 cuius
2275 2545 2621 2626 eloquentia
2681 2548 2861 2625 tanta

420 2654 612 2718 moles
672 2652 814 2717 belli
871 2655 1041 2716 mota
1102 2652 1211 2727 sit;
1269 2654 1432 2715 certe
1489 2652 1606 2715 hac
1667 2652 1733 2714 in
1790 2670 1855 2715 re
1904 2650 2165 2731 Gorgiae
2228 2651 2563 2734 discipulus
2625 2649 2857 2732 aliquid

423 2758 829 2824 excusationis
874 2757 1143 2821 habebit.
1234 2757 1396 2821 Tum
1439 2757 1671 2821 bellum
1705 2755 2093 2820 Corinthium
2139 2760 2315 2821 tanta
2357 2757 2595 2821 incuria
2641 2742 2860 2819 adum·

423 2866 653 2940 bratur,
699 2867 772 2927 ut
815 2882 1016 2945 neque
1061 2863 1205 2927 ordo
1251 2881 1449 2944 neque
1495 2864 1665 2945 ipsae
1709 2882 1806 2927 res
1849 2866 2059 2943 gestae
2100 2864 2264 2926 clare
2302 2864 2562 2945 perspici
2604 2862 2857 2945 possint.

423 2970 702 3050 Denique
758 2972 962 3033 orator
1021 2988 1166 3033 cum
1221 2968 1564 3044 contendit,
1624 2969 1781 3032 bella
1824 2968 2071 3033 Persica
2130 2969 2407 3032 nondum
2452 2967 2632 3049 digne
2675 2971 2859 3031 canta

423 3094 556 3140 esse
601 3093 639 3138 a
681 3074 875 3157 poetis
923 3074 1049 3137 239
1101 3072 1166 3150 G,
1213 3074 1438 3137 oblitus
1485 3092 1617 3137 esse
1661 3074 1905 3138 videtur
1949 3073 2217 3149 Pindari,
2267 3072 2615 3149 Simonidis,
2661 3073 2860 3155 Phry-

423 3180 606 3256 nichi,
651 3178 961 3261 Aeschyli.
1055 3177 1230 3257 Quod
1275 3198 1420 3243 cum
1464 3180 1526 3242 in
1556 3180 1834 3255 Platone,
1880 3179 2055 3243 docto
2098 3182 2419 3261 poetarum
2450 3179 2859 3255 aestimatore,

425 3287 576 3351 satis
621 3285 852 3349 mirum
899 3284 997 3361 sit,
1043 3302 1291 3348 necesse
1337 3287 1434 3349 est
1478 3288 1588 3348 aut
1632 3286 1747 3349 hoc
1793 3302 2033 3366 quoque
2077 3285 2205 3349 loco
2249 3285 2635 3349 inscientiam
2682 3285 2863 3349 affec-

422 3396 623 3457 tatam
691 3391 857 3456 cerni
926 3394 1037 3455 aut
1101 3390 1460 3453 simulatam
1527 3390 1891 3454 iactantiam
1958 3392 2218 3455 rhetoris
2288 3390 2717 3471 significantis,
2795 3410 2859 3454 se

424 3500 630 3580 ipsum
671 3498 945 3579 primum
987 3497 1126 3561 illas
1172 3515 1270 3561 res
1317 3496 1532 3562 decore
1577 3496 1997 3578 expositurum
2043 3516 2175 3562 esse
2195 3544 2210 3572 ,
2268 3496 2387 3560 nisi
2434 3496 2571 3577 quis
2618 3496 2860 3560 credere

423 3603 626 3680 malit,
686 3602 1001 3667 Socratem
1059 3603 1176 3667 hoc
1234 3603 1362 3667 loco
1425 3604 1761 3684 exprimere
1818 3603 2069 3683 vulgare
2130 3602 2429 3667 iudicium
2486 3600 2861 3667 Graecorum

424 3710 646 3774 fabulis
675 3712 754 3773 et
799 3710 1181 3773 carminibus
1227 3709 1411 3791 epicis
1459 3709 1539 3772 ad
1583 3709 1902 3773 historiam
1946 3708 2394 3791 pertinentibus
2439 3727 2561 3772 non
2591 3708 2863 3788 gauden-

423 3818 602 3892 tium,
647 3814 712 3879 id
759 3814 922 3897 quod
969 3833 1038 3878 ex
1085 3814 1302 3895 exiguo
1346 3815 1567 3878 talium
1611 3818 1968 3896 poematum
2013 3833 2271 3879 numero
2315 3814 2603 3878 cernitur.

570 4062 610 4129 1)
649 4060 699 4128 2,
737 4062 820 4127 34,
859 4063 907 4116 5.
947 4092 1014 4101 —
1053 4060 1095 4130 2)
1133 4062 1183 4129 5,
1223 4060 1306 4128 26,
1335 4060 1382 4115 2.
1411 4061 1460 4115 3.
1499 4092 1566 4099 -
1607 4060 1649 4129 ³)
1688 4060 1764 4115 Cf.
1804 4059 1970 4128 Stahl,
2007 4060 2170 4129 praef.
2210 4060 2276 4114 ad
2312 4060 2551 4128 Thucyd.
2590 4076 2639 4127 p.
2666 4058 2764 4114 XI.
2794 4090 2861 4097 —

426 4148 469 4215 4)
508 4146 814 4203 Schleierm.
857 4148 974 4203 528.
1015 4178 1083 4188 ——
1121 4148 1164 4218 5)
1201 4148 1363 4203 Thuc.
1405 4149 1454 4217 3,
1492 4148 1562 4203 86
1587 4164 1665 4217 sq.
1708 4150 1824 4203 115.
1864 4149 1915 4217 4,
1954 4148 2039 4203 65.
2078 4178 2146 4187 —-
2184 4148 2226 4217 6)
2264 4148 2427 4202 Thuc.
2464 4148 2514 4216 6,
2552 4145 2718 4217 Ssqq.
