3250 4700
197 409 264 497 g.
308 408 422 476 10.

1645 198 1727 259 22

649 405 778 468 236
823 406 897 468 B.
969 391 1345 482 ,Ἀσπασίας
1403 403 1477 470 δὲ
1522 403 1635 470 καὶ
1680 403 1845 489 χθὲς
1900 395 2237 495 ἠκροώμην
2279 399 2705 496 περαινούσης
2750 406 2905 473 ἐπι-

467 501 707 598 τάφιον
749 501 940 596 λόγον
983 510 1148 594 κτλ]
1194 512 1370 577 Plato
1415 532 1560 577 cum
1602 514 1817 594 fingat,
1854 515 2179 597 Aspasiam
2224 515 2286 578 in
2316 516 2621 580 edocendo
2655 515 2909 582 Socrate

468 618 728 682 rhetoris
772 621 978 700 partes
1025 619 1384 701 suscepisse,
1429 624 1717 684 accurate
1753 620 2172 701 quaerendum
2219 625 2332 697 est,
2378 641 2533 684 num
2564 641 2689 703 qua
2735 623 2910 686 simi-

468 723 661 788 litudo
707 724 788 788 sit
839 724 1002 789 inter
1045 743 1186 789 eam
1230 743 1421 805 quam
1483 726 1736 790 adhibet
1778 726 2033 790 docendi
2088 727 2392 790 rationem
2446 731 2508 791 et
2555 726 2905 808 Gorgieam.

469 831 559 894 Ac
601 829 874 912 primum
905 830 1166 913 Aspasia
1209 831 1545 896 orationem
1577 832 1920 914 composuit
1964 851 2037 896 ex
2064 832 2343 914 partibus
2392 834 2907 915 extemporalibus

471 925 579 1017 (τὰ
620 932 741 1016 μὲν
785 932 861 998 ἐκ
903 932 1016 999 τοῦ
1060 927 1451 1022 παραχρῆμά
1495 959 1612 1018 μοι
1658 927 1849 1023 διῄει)
1914 942 1976 1002 et
2020 941 2203 1002 antea
2246 938 2624 1020 praeparatis
2678 929 2784 1020 (τὰ
2829 935 2905 1001 δὲ

469 1031 782 1127 πρότερον
827 1037 1205 1128 ἑσκεμμένη)
1222 1091 1237 1117 ,
1281 1043 1571 1125 reliquias
1616 1044 1907 1126 epitaphii
1950 1043 2202 1108 Periclei
2247 1044 2693 1124 conglutinans
2785 1045 2905 1107 His

469 1148 742 1230 reliquiis
807 1149 1020 1232 prioris
1084 1149 1564 1231 praeparationis
1626 1149 1954 1230 significari
2012 1153 2264 1231 apparet
2326 1151 2484 1214 locos
2543 1168 2905 1214 communes

469 1253 827 1335 disciplinae
876 1254 1172 1336 Gorgieae
1215 1254 1502 1338 proprios.
1594 1253 1800 1319 Cicero
1819 1257 1866 1338 1)
1922 1255 2091 1318 enim
2134 1255 2312 1346 dicit,
2371 1256 2667 1337 „scriptas
2712 1255 2907 1319 fuisse

469 1363 533 1424 et
573 1364 823 1442 paratas
869 1379 906 1424 a
951 1361 1283 1442 Protagora
1338 1379 1548 1425 rerum
1605 1360 1941 1424 illustrium
1992 1361 2463 1443 disputationes,
2522 1380 2680 1443 quae
2736 1379 2907 1424 nunc

469 1484 832 1531 communes
881 1468 1270 1549 appellantur
1311 1467 1454 1542 1001;
1510 1466 1673 1548 1111011
1733 1466 1897 1530 1110111
1939 1466 2154 1531 fecisse
2202 1466 2498 1548 Gorgiam
2512 1514 2527 1543 ,
2589 1486 2735 1530 cum
2780 1467 2908 1530 sin·

467 1572 760 1654 gularum
815 1591 1025 1636 rerum
1082 1572 1297 1636 laudes
1341 1572 1940 1655 vituperationesque
1984 1572 2470 1655 conscripsisset,
2532 1573 2695 1654 quod
2746 1573 2904 1636 iudi-

467 1682 637 1743 caret
679 1679 793 1742 hoc
835 1678 1092 1742 oratoris
1137 1697 1271 1744 esse
1300 1677 1567 1742 maxime
1597 1678 1910 1761 proprium
1953 1697 2086 1743 rem
2118 1697 2342 1759 augere
2385 1698 2562 1761 posse
2593 1677 2904 1742 laudando

467 1785 989 1867 vituperandoque
1032 1802 1248 1848 rursus
1294 1783 1622 1864 affligere“.
1671 1782 1761 1847 cf.
1787 1782 1993 1862 Quint.
2028 1783 2140 1860 III,
2171 1786 2227 1859 1,
2257 1786 2368 1848 12:
2416 1785 2675 1860 „horum
2718 1783 2901 1866 primi

467 1909 824 1955 communes
869 1890 1030 1954 locos
1063 1892 1360 1954 tractasse
1393 1889 1685 1954 dicuntur
1714 1888 2097 1970 ProtagoraS,
2132 1888 2446 1971 Gorgias“.
2516 1889 2651 1969 Quo
2689 1893 2900 1954 autem

468 1997 871 2078 pertinuerint
914 1995 1006 2058 illi
1048 1995 1164 2059 loci
1210 2013 1586 2071 communeS,
1634 1995 1993 2060 Aristoteles
2039 1996 2282 2077 exponit
2320 1994 2502 2078 Soph.
2550 1995 2640 2059 El.
2688 2014 2739 2059 0.
2782 1997 2898 2058 34:

467 2099 595 2166 τῶν
639 2099 794 2185 περὶ
856 2091 1005 2177 τοὺς
1063 2090 1424 2182 ἕριστικοίς
1483 2092 1713 2185 λόγους
1765 2091 2296 2185 μισθαρνοίηντων
2352 2089 2548 2182 ὁμοία
2602 2123 2705 2176 τις
2746 2084 2821 2186 ἦν
2862 2088 2905 2185 ἦ

469 2200 816 2282 παίδευσις
857 2203 936 2293 τῇ
990 2201 1258 2292 Γοργίου
1301 2201 1737 2292 πραγματείᾳ·
1800 2196 2028 2291 λόγους
2073 2197 2191 2291 γὰρ
2234 2201 2297 2270 οἱ
2349 2203 2469 2288 μὲν
2514 2196 2902 2293 ρητορικοός,
3004 2205 3011 2212 ’

471 2306 532 2377 οἱ
581 2309 654 2377 δὲ
701 2302 1123 2400 έραπητικοὺς
1171 2306 1473 2378 ἐδίδοσαν
1519 2302 1980 2394 ἐκμανθάνειν,
2038 2306 2133 2389 εἰς
2190 2295 2297 2389 οἳς
2354 2303 2741 2389 πλειστάκις
2784 2307 2899 2392 ἐμ-

467 2415 746 2483 πίπτειν
819 2406 1131 2506 ιρήθησαν
1190 2409 1480 2503 ἑκάτεροι
1538 2409 1688 2495 τοὺς
1755 2406 2043 2506 αλλήλων
2098 2410 2343 2504 λόγους.
2455 2418 2906 2484 Ediscebantur

466 2526 671 2607 igitur,
718 2529 791 2589 ut
831 2526 1148 2590 occasione
1193 2526 1400 2589 oblata
1442 2525 1818 2589 orationibus
1856 2525 2155 2589 habendis
2200 2526 2629 2602 insererentur,
2678 2530 2741 2591 et
2784 2526 2905 2589 im·

465 2632 679 2715 primis
710 2631 911 2696 idonei
945 2634 1137 2708 erant,
1171 2631 1395 2712 quibus
1426 2634 1753 2695 uterentur
1783 2634 2054 2696 oratores
2086 2631 2551 2695 demonstrativi
2572 2633 2641 2716 ²).
2686 2632 2899 2696 Talem

465 2739 670 2802 10011111
702 2756 1097 2802 0011111111110111
1127 2737 1225 2802 vel
1267 2736 1686 2800 laudationem
1725 2737 1977 2801 adhibet
2007 2737 2191 2801 Polus
2226 2736 2406 2819 Gorg.
2440 2738 2567 2801 448
2596 2736 2662 2813 C,
2709 2756 2899 2818 quam

463 2862 498 2909 e
557 2844 710 2908 libro
767 2844 1193 2925 depromptam
1250 2862 1384 2908 esse
1440 2842 1707 2906 vidimus
1768 2843 1955 2907 simul
2009 2846 2072 2907 et
2124 2844 2584 2925 interrogationi
2640 2842 2902 2908 Chaere-

463 2949 706 3032 phontis
755 2950 919 3013 male
961 2948 1344 3031 respondere,
1391 2948 1791 3031 eiusdemque
1831 2950 2072 3030 generis
2104 2949 2388 3014 videntur
2432 2968 2565 3013 esse
2603 2968 2693 3026 ea,
2740 2968 2899 3031 quae

465 3053 723 3136 Gorgias
769 3054 944 3119 affert
989 3056 1116 3118 452
1163 3054 1232 3131 E,
1279 3073 1401 3136 quo
1444 3056 1572 3119 loco
1616 3055 1964 3119 invenimus
2010 3055 2407 3120 enuntiatum
2451 3055 2515 3118 in
2561 3056 2901 3120 Menexeno

461 3160 704 3225 modica
745 3160 1090 3226 mutatione
1135 3160 1482 3243 repetitum,
1529 3180 1644 3225 1100
1681 3161 1891 3224 minus
1928 3161 2203 3225 laudatio
2244 3162 2395 3225 artis
2428 3179 2618 3243 quam
2658 3161 2899 3225 exhibet

461 3267 592 3331 456
623 3269 678 3330 A
711 3287 835 3349 sq.;
881 3285 1031 3330 nam
1063 3267 1252 3331 etiam
1297 3267 1449 3331 haec
1492 3267 1748 3332 minime
1794 3267 2059 3359 quadrat
2100 3267 2165 3330 in
2209 3267 2746 3348 interrogationem
2791 3265 2903 3330 So—

460 3374 675 3449 cratis,
732 3360 873 3460 ἤτις
925 3367 1094 3436 ποτὲ
1149 3360 1188 3458 ἦ
1243 3362 1511 3453 δύναμίς
1573 3368 1715 3435 ἐστι
1772 3369 1886 3458 τῆς
1938 3369 2290 3459 ῥητορικῆς.
2394 3374 2487 3437 De
2534 3373 2620 3436 eis
2667 3375 2897 3447 autem,

461 3479 568 3560 qui
623 3478 770 3543 locis
829 3478 1266 3543 communibus
1325 3478 1597 3543 exornati
1656 3498 1689 3543 e
1756 3479 1966 3543 schola
2012 3478 2273 3559 Gorgiae
2327 3478 2679 3560 prodibant,
2734 3478 2897 3542 iusto

458 3585 591 3648 iure
650 3584 769 3649 dici
830 3587 1032 3668 potest
1085 3584 1148 3648 id
1207 3585 1369 3667 quod
1429 3584 1692 3665 legimus
1756 3584 1994 3649 Menex.
2058 3586 2186 3648 235
2218 3584 2311 3648 D:
2373 3577 2539 3648 εἰσὶν
2596 3573 2903 3659 ἑκάστοις

457 3679 700 3753 τούτων
741 3679 924 3774 λόγοι
968 3687 1563 3775 παρεσκευασμένοι
1580 3739 1595 3769 ,
1660 3693 1725 3754 et
1766 3690 1834 3753 in
1878 3691 2123 3755 eosdem
2168 3691 2324 3755 bene
2368 3689 2634 3771 quadrat
2675 3690 2812 3753 laus
2858 3708 2899 3752 a

461 3795 710 3861 Socrate
755 3795 900 3860 Polo
946 3800 1192 3878 propter
1248 3796 1312 3859 id
1358 3796 1530 3878 quod
1568 3797 2185 3861 commemoravimus
2239 3814 2603 3878 responsum
2661 3795 2898 3859 tributa

463 3900 644 3984 Gorg.
693 3902 820 3965 448
867 3901 958 3965 D:
1029 3897 1247 3977 καλῶς
1290 3896 1589 3988 φαίνεται
1635 3898 1873 3978 Πῶλος
1918 3892 2457 3987 παρεσκευάσθαι
2500 3895 2596 3978 εἰς
2646 3891 2891 3985 λόγους.

633 4007 957 4072 Praeterea
1025 4026 1170 4071 011111
1227 4012 1521 4091 appareat
1573 4007 1802 4072 talibus
1847 4008 1994 4072 locis
2041 4008 2471 4072 communibus
2514 4008 2759 4072 insertis
2805 4008 2898 4070 in-

640 4234 683 4301 1)
719 4234 868 4290 Brut.
907 4238 954 4305 ξ.
991 4237 1062 4291 46
1099 4252 1176 4306 sq.
1218 4267 1286 4277 -
1325 4238 1368 4306 ⁹)
1403 4235 1558 4291 Blass
1594 4236 1638 4305 Ι,
1676 4237 1762 4292 50.
1802 4238 1886 4291 51.
