3250 4700
1 3663 27 3784 §.u-1-
0 3557 42 3597 j
0 3521 3 3532 ·

1532 171 1614 233 47

775 399 836 444 a.
906 367 1135 442 ὁτῶν
1183 377 1517 464 Περσῶν
1561 371 1867 462 πόλεμος.
1928 401 1979 446 c.
2031 383 2308 447 10—12.
2372 382 2598 464 (2390
2659 377 2798 448 ἔστι

956 481 1029 548 δὲ
1072 476 1314 548 τούτων
1371 466 1457 548 ὧν
1507 483 1675 571 λέγω
1736 483 1989 571 πρῶτα·
2053 481 2317 574 Πέρσας
2365 526 2443 534 -
2495 484 2680 572 ἔσχον
2736 484 2798 554 οἳ

956 588 1140 678 τῆςὸε
1196 588 1310 678 τῆς
1361 583 1571 676 χώρας
1630 587 1882 677 ἔκγονοι
1930 631 2010 640 ——
2062 574 2149 656 ὧν
2205 592 2318 657 καὶ
2377 589 2634 658 δίκαιον
2684 595 2797 659 καὶ

956 687 1072 783 χρὴ
1127 693 1431 782 πρῶτον).
1524 699 1953 764 Praemittitur
1997 701 2322 784 descriptio
2366 701 2606 784 imperii
2653 701 2799 766 Per-

957 822 1186 868 sarum.
1278 804 1578 887 Deinceps
1623 808 1957 870 nam-antur
1998 826 2241 888 pugnae
2286 808 2651 872 commissae

1035 928 1101 1011 α)
1167 929 1331 1010 apud
1404 928 1771 993 Marathona
1862 929 2015 1011 (240
2054 932 2109 993 A
2192 921 2647 1012 αἰτιασάμενος
2723 927 2798 994 δὲ

1204 1035 1482 1118 Δαρεῖος
1525 1023 1737 1121 ἡμᾶς),

1035 1140 1102 1221 β)
1167 1139 1332 1222 apud
1377 1139 1692 1204 Salamina
1752 1140 1904 1222 (240
1929 1142 1979 1204 E
2038 1131 2120 1204 τὰ
2173 1139 2294 1223 μὲν
2342 1125 2448 1205 οὖν
2504 1129 2799 1228 ἀριστεῖα

1208 1282 1288 1290 -
1336 1235 1418 1308 τὰ
1463 1241 1536 1308 δὲ
1582 1244 1946 1331 δευτερεῖα),
2829 1255 2838 1262 ’

1038 1351 1100 1434 γ)
1149 1350 1314 1433 apud
1359 1351 1647 1416 Plataeas
1694 1351 1844 1434 (241
1876 1351 1922 1416 C
1968 1346 2181 1438 τρίτον
2226 1349 2299 1417 δὲ
2343 1351 2553 1438 λέγω),

967 1495 984 1506 -
1036 1455 1099 1539 ὁ)
1149 1460 1385 1521 ceterae
1418 1458 1802 1522 excursiones
1834 1462 2048 1523 contra
2080 1458 2299 1524 Persas
2344 1459 2543 1524 factae
2577 1459 2724 1543 (241
2750 1459 2797 1524 C

1199 1552 1276 1624 τὸ
1319 1559 1439 1642 μὲν
1484 1547 1590 1626 οὖν
1627 1560 1936 1648 μέγιστον
1984 1602 2063 1610 -
2109 1555 2273 1646 μετὰ
2320 1562 2395 1629 δὲ
2437 1562 2670 1649 τοῦτο).

777 1686 837 1749 b.
909 1706 981 1747 οι
1001 1673 1492 1803 Ἑλληνικοί
1563 1677 1842 1768 πόλεμοι
1912 1707 1962 1752 c.
2026 1689 2195 1751 13—
2204 1690 2305 1753 17.
2383 1688 2532 1771 (241
2575 1690 2627 1753 Ε
2685 1687 2798 1751 καὶ

960 1809 1146 1867 ουτος
1199 1787 1318 1872 μὲν
1367 1829 1448 1837 —-
1495 1782 1740 1878 εἶρηνης
1799 1790 1873 1856 δὲ
1929 1791 2350 1880 γενομένης).·
2405 1793 2623 1860 Causis
2680 1796 2800 1875 sig—

953 1897 1215 1960 nificatis
1260 1900 1594 1961 narrantur
1811 1927 1817 1933 ·

1035 2021 1100 2101 α)
1170 2020 1400 2084 bellum
1445 2021 1805 2086 Boeoticum
1862 2021 2014 2104 (242
2040 2025 2095 2086 A
2138 2013 2300 2105 μετὰ
2346 2020 2419 2088 δὲ
2464 2020 2653 2088 τοῦτο
2697 2046 2831 2108 γε-.

1201 2122 1466 2206 νομένου
1511 2122 1852 2210 πολέμου),

1034 2233 1102 2315 β)
1151 2233 1313 2314 prior
1341 2250 1482 2315 pars
1528 2232 1671 2296 belli
1702 2233 2198 2316 Peloponnesiaci
2244 2235 2395 2348 (242
2426 2234 2472 2300 C
2515 2226 2679 2318 μετὰ
2725 2233 2799 2299 δὲ

1196 2333 1397 2401 ταῦτα
1442 2335 1691 2402 πολλοῦ
1735 2336 2073 2425 πολέμου),

1031 2445 1092 2528 γ)
1152 2421 1344 2509 altera
1391 2463 1532 2527 pars
1579 2445 1722 2509 belli
1766 2446 2261 2529 Peloponnesiaci
2308 2448 2460 2532 (242
2486 2448 2536 2510 E
2583 2442 2797 2533 τρίτος

1199 2546 1272 2613 δὲ
1319 2541 1650 2634 πόλεμος)

1032 2654 1095 2739 ὁ)
1158 2656 1391 2720 bellum
1450 2656 1623 2720 civile
1697 2657 1851 2740 (243
1884 2658 1933 2720 Ε
2008 2648 2171 2738 μετὰ
2232 2654 2305 2721 δὲ
2354 2654 2567 2721 ταῦτα
2622 2697 2702 2705 -
2762 2648 2797 2722 ὁ

1203 2754 1441 2836 οἰκεῖος
1484 2750 1638 2847 ἡμῖν
1681 2753 2014 2845 πόλεμος),

1032 2865 1086 2949 ε)
1146 2867 1378 2931 bellum
1425 2866 1811 2932 Corinthium
1853 2867 2007 2951 (244
2033 2869 2085 2931 Β
2131 2860 2293 2950 μετὰ
2341 2867 2413 2932 δὲ
2458 2866 2690 2954 τοῦτο).

444 3042 516 3105 Β.
604 3037 1099 3128 παραίνεσις
1159 3062 1209 3107 c.
1262 3044 1538 3107 18—21.

779 3183 935 3266 (246
961 3186 1016 3247 Α
1061 3182 1174 3247 καὶ
1219 3174 1300 3246 τὰ
1344 3180 1463 3265 μὲν
1508 3175 1586 3270 δὴ
1631 3179 1783 3269 ἔργα
1826 3222 1906 3231 —
1952 3176 2168 3249 πολλὰ
2210 3182 2330 3267 μὲν
2372 3180 2453 3251 τὰ
2498 3181 2795 3273 εἰρημένα

678 3326 758 3335 —-
805 3278 978 3353 πολὺ
1033 3277 1091 3353 δ’
1157 3284 1254 3353 ἔτι
1314 3284 1524 3353 πλείω
1580 3281 1662 3353 τὰ
1720 3280 2205 3373 ’ὑπολειπόμενα
2252 3331 2333 3339 --
2392 3284 2647 3357 τούτων.
2690 3277 2796 3357 οὖν

669 3384 784 3482 χρὴ
827 3392 1259 3482 μεμνημένους
1307 3434 1386 3443 --
1436 3387 2047 3481 παρακελεύεσθαι).
2560 3394 2577 3407 ’
2864 3426 2907 3463 ο

780 3519 1206 3583 Praemittitur
1265 3521 1679 3603 prooemium,
1725 3540 1844 3601 quo
1890 3522 2237 3586 continetur
2290 3522 2614 3604 propositio
2669 3542 2795 3586 ser-

670 3625 1095 3689 mocinationis
1143 3645 1299 3707 quae
1347 3626 1642 3707 sequitur.

568 3748 630 3831 1)
693 3744 1326 3834 παρακέλευσις
1398 3747 1534 3811 καὶ
1612 3744 2114 3836 παραμυθία
2187 3746 2340 3813 τῶν
2413 3750 2792 3837 τελευτη-

775 3845 1083 3917 σάντων
1127 3875 1176 3919 c.
1229 3857 1330 3918 19.
1377 3857 1480 3918 20.

827 3996 882 4040 a.
931 3973 1402 4064 παρακέλευσις
1449 3978 1603 4061 (246
1632 3977 1677 4042 C
1722 3962 1773 4041 ὦ
1821 3978 2101 4062 παῖδες),

826 4083 884 4146 b.
930 4078 1328 4168 παραμυθία
1404 4085 1558 4168 (247
1587 4083 1634 4149 C
1695 4087 1835 4161 τοῖς
1891 4082 2009 4166 μὲν
2068 4068 2173 4147 οὖν
2230 4084 2426 4149 παισὶ
2475 4073 2651 4150 ταῦτ’
2698 4082 2790 4151 εἶ-

987 4180 1247 4276 ρήσθω·
1294 4186 1586 4274 πατέρας
1627 4188 1746 4275 δέ).
