3250 4700
1674 208 1755 270 16

493 417 812 481 Plutarchi
880 419 1009 482 loco
1053 421 1483 499 cognoscatur,
1541 437 1741 500 neque
1829 419 2281 502 comparatione
2311 421 2632 502 utriusque
2678 441 2937 504 operum

491 524 634 588 talis
671 525 826 587 ratio
858 525 1135 588 videatur
1167 524 1545 606 comprobari
1597 529 1791 606 p‘osse.
1882 525 2103 606 Itaque
2169 545 2277 608 pro
2338 529 2503 590 certo
2550 528 2944 604 habebimuS,

490 631 555 694 in
611 630 948 694 Menexeno
1014 634 1339 711 tamquam
1414 631 1807 712 Antiphontis
1882 630 2252 713 discipulum
2318 631 2739 714 Thucydidem
2812 654 2933 698 non

489 737 680 818 tangi.
771 736 950 799 Alius
993 736 1181 816 igitur
1227 736 1668 818 interpretandi
1711 737 1932 800 modus
1979 737 2563 819 circumspiciendus
2612 743 2725 803 est.

666 840 924 906 Constat
968 842 1132 906 enim
1180 842 1594 923 eloquentiam
1651 841 1971 918 Graecam,
2020 847 2323 924 quatenus
2369 844 2588 908 litteris
2634 845 2943 909 mandata

491 951 615 1024 est,
668 949 796 1011 iam
841 948 983 1012 inde
1027 949 1104 1011 ab
1148 948 1319 1012 initio
1367 949 1432 1012 in
1477 948 1597 1012 duo
1645 967 1872 1028 genera
1915 949 2301 1024 discessisse,
2362 968 2623 1030 quorum
2668 951 2933 1014 alterum

490 1054 568 1118 ad
613 1073 801 1117 usum
864 1054 1104 1117 civilem
1164 1054 1476 1136 pertinens
1533 1053 1835 1118 orationes
1882 1054 2199 1118 iudiciales
2244 1058 2307 1118 et
2350 1055 2782 1119 deliberativas
2850 1054 2931 1136 (λ.

489 1149 860 1234 &marmot-g
917 1163 980 1223 et
1037 1158 1159 1244 ὄημ
1170 1150 1526 1244 ηγορικοιῗς)
1589 1160 2041 1242 complectitur,
2106 1161 2369 1224 alterum
2428 1163 2640 1224 autem
2684 1160 2943 1224 demon-

491 1265 820 1329 strativum
869 1253 1364 1348 (ἑπιόεικτικὸν)
1424 1267 1522 1330 vel
1568 1266 1970 1347 sophisticum
2027 1265 2371 1348 appellatur
2395 1267 2463 1349 1).
2556 1265 2779 1330 Prioris
2824 1285 2937 1328 au-

487 1376 616 1436 tem
675 1372 945 1452 generiS,
1012 1371 1313 1453 imprimis
1377 1371 1680 1435 iudicialis
1697 1420 1711 1444 ,
1774 1371 1939 1454 apud
1982 1371 2217 1435 Atticos
2276 1375 2490 1435 auctor
2554 1375 2617 1435 et
2658 1371 2941 1435 inventor

490 1479 620 1542 sine
667 1477 852 1541 dubio
896 1477 1015 1540 fuit
1058 1477 1372 1558 Antiphon
1398 1478 1468 1559 ²).
1561 1477 1809 1540 Primus
1864 1478 2031 1540 enim
2078 1477 2312 1541 exstitit
2370 1477 2717 1540 orationum
2777 1477 2937 1541 iudi-

489 1584 740 1647 cialium
791 1583 1047 1664 scriptor
1081 1572 1555 1669 (λογογράφος),
1601 1602 1758 1664 quas
1804 1583 1941 1646 aliis
1988 1584 2051 1646 in
2095 1602 2281 1647 usum
2314 1583 2681 1646 iudiciorum
2715 1601 2940 1665 suppe-

489 1689 710 1752 ditavit
753 1692 816 1753 et
859 1691 1099 1770 postea,
1160 1692 1232 1751 ut
1278 1689 1645 1770 exemplaria
1692 1693 1924 1765 essent,
1984 1689 2173 1754 edidit
2191 1690 2275 1771 ³)3
2339 1692 2658 1770 praeterea
2703 1707 2933 1770 paucas

487 1795 788 1859 orationes
835 1794 1262 1859 deliberativas
1307 1795 1695 1876 conscripsit,
1741 1795 2257 1859 demonstrativas
2304 1814 2443 1858 vero
2488 1795 2687 1858 nullas
2704 1842 2719 1870 ,
2777 1813 2923 1858 cum

487 1920 614 1976 eae,
659 1920 926 1983 quarum
958 1900 1123 1964 tituli
1159 1903 1420 1975 exstant,
1454 1903 1701 1965 auctore
1733 1900 1975 1965 Blassio
2006 1900 2085 1964 ab
2118 1920 2189 1965 eo
2231 1900 2672 1964 abiudicandae
2706 1900 2849 1964 sint.
2875 1901 2932 1982 4)

487 2007 706 2088 Itaque
749 2026 874 2071 non
919 2010 1014 2070 est
1057 2006 1347 2081 dubium,
1396 2006 1543 2087 quin
1592 2007 1658 2069 in
1704 2007 2036 2070 Menexeno
2096 2010 2167 2069 ut
2210 2007 2490 2070 inventor
2534 2010 2596 2070 et
2633 2006 2937 2086 magister

485 2113 725 2194 generis
769 2112 978 2176 civilis·
1005 2112 1102 2175 vel
1147 2111 1450 2175 iudicialis
1498 2115 2013 2176 commemoretur
2058 2112 2243 2175 simul
2288 2115 2352 2176 et
2392 2131 2501 2194 pro
2547 2115 2693 2174 nota
2724 2111 2934 2174 Plato·

485 2219 582 2282 nis
651 2219 997 2282 orationum
1063 2218 1441 2282 iudicialium
1511 2219 1963 2300 contemptione
1985 2220 2034 2302 5)
2106 2219 2325 2282 leniter
2386 2219 2743 2298 stringatur.
2834 2217 2933 2280 De

487 2327 651 2390 certo
698 2325 888 2405 igitur
929 2324 1226 2407 discipulo
1273 2325 1403 2388 eius
1446 2325 1786 2389 coniectare
1818 2343 1936 2389 non
1970 2343 2121 2407 opus
2154 2327 2266 2401 est,
2312 2343 2457 2388 cum
2487 2323 2927 2407 oppositionem

486 2432 882 2512 Antiphontis
943 2434 1006 2494 et
1050 2432 1348 2514 Aspasiae
1409 2431 1487 2494 ad
1544 2450 1743 2512 genus
1789 2431 2031 2495 dicendi
2076 2432 2377 2513 pertinere
2424 2433 2742 2512 appareat,
2802 2449 2925 2493 non

485 2537 566 2600 ad
610 2538 811 2619 ipsam
854 2536 1218 2601 doctrinam.
1309 2536 1447 2600 Non
1491 2538 1657 2599 male
1702 2540 1914 2601 autem
1958 2556 2055 2600 res
2103 2556 2168 2601 se
2212 2537 2497 2611 haberet,
2555 2537 2606 2599 si
2655 2554 2931 2617 compro-

484 2643 618 2705 bari
664 2645 886 2724 posset,
931 2643 1274 2705 Archinum
1321 2645 1383 2706 et
1426 2642 1691 2707 Dionem
1735 2643 1901 2705 illius
1945 2642 2135 2706 fuisse
2180 2642 2529 2723 discipulos.

663 2748 834 2827 Quae
883 2749 935 2811 si
981 2750 1069 2811 ita
1115 2752 1279 2823 sunt,
1325 2766 1573 2812 necesse
1621 2752 1733 2823 est,
1780 2767 2039 2830 persona
2078 2749 2377 2829 Aspasiae
2416 2748 2665 2811 nomine
2710 2750 2931 2809 ornata

486 2854 690 2934 obtegi
736 2856 1050 2917 auctorem
1095 2858 1158 2919 et
1202 2855 1580 2917 inventorem
1622 2855 1879 2931 alterius
1917 2854 2158 2934 generis
2206 2852 2447 2917 dicendi
2493 2856 2554 2916 et
2600 2851 2927 2916 scribendi.

485 2959 951 3023 demonstrativi
1009 2960 1105 3023 vel
1169 2960 1509 3042 sophistici,
1574 2961 1681 3040 qui
1741 2960 2103 3041 Antiphonti
2162 2962 2501 3041 opponatur
2517 3006 2531 3033 ,
2600 2961 2711 3021 aut
2765 2961 2932 3021 certe

486 3066 764 3128 scholam
823 3065 924 3128 illo
981 3084 1201 3145 genere
1258 3066 1650 3145 gaudentem.
1740 3065 1907 3143 Talis
1968 3070 2180 3129 autem
2244 3067 2457 3129 auctor
2516 3083 2679 3127 unus
2727 3066 2931 3127 exstat

489 3169 807 3252 GorgiaS.'
858 3170 923 3233 Is
983 3171 1150 3233 enim
1210 3190 1336 3234 non
1398 3172 1598 3235 solum
1660 3172 1895 3253 primus
1956 3171 2177 3235 litteris
2222 3169 2544 3235 mandavit
2588 3169 2928 3232 orationem

484 3277 762 3339 Atticam
809 3276 1102 3350 solutam,
1162 3277 1336 3339 cuius
1383 3294 1606 3357 parens
1653 3278 1718 3340 in
1765 3277 2072 3359 epitaphio
2119 3276 2553 3341 conscribendo
2598 3274 2833 3339 exstitit
2855 3273 2931 3357 6),

489 3382 596 3446 sed
643 3383 833 3446 etiam
878 3383 1156 3446 inventor
1194 3383 1435 3462 generis
1468 3383 1935 3447 demonstrativi
1966 3384 2096 3446 sine
2127 3383 2257 3445 ulla
2286 3382 2665 3446 dubitatione
2697 3380 2934 3443 haben·

487 3488 604 3551 dus
650 3491 744 3551 est
769 3489 837 3571 7).
931 3486 1047 3552 Cui
1092 3489 1301 3568 generi
1345 3491 1502 3553 teste
1548 3489 1845 3570 Dionysio
1891 3490 1980 3552 ita
2025 3488 2309 3551 addictus
2340 3488 2475 3561 fuit,
2520 3490 2593 3549 ut
2622 3485 2929 3567 imprimis

487 3594 790 3657 orationes
821 3594 1340 3659 demonstrativas
1372 3594 1595 3670 ederet,
1627 3613 1859 3677 paucas
1889 3594 2339 3668 deliberativaS,
2368 3592 2681 3655 iudiciales
2713 3594 2927 3655 autem

485 3700 704 3762 nullaS.
727 3700 777 3783 ⁸)

483 4019 498 4033 .
668 3980 708 4046 ¹)
745 3966 899 4031 Blass
934 3978 980 4046 Ι,
1005 3978 1054 4031 4.
1094 4008 1162 4017 --
1202 3978 1244 4045 2)
1280 3978 1436 4033 Blass
1474 3978 1518 4047 Ι,
1559 3979 1643 4034 59.
1674 3979 1755 4033 79.
1782 3978 1869 4033 84.
1908 4008 1976 4018 —-
2016 3978 2058 4046 ³)
2094 3977 2250 4031 Blass
2274 3977 2318 4046 Ι,
2354 3978 2439 4032 44.
2466 3976 2550 4031 81.
2591 4007 2658 4017 -
2694 3976 2737 4045 ⁴)
2771 3975 2931 4028 Blass

485 4066 529 4133 1,
569 4066 829 4119 97-102.
869 4097 936 4105 —
975 4066 1018 4133 ⁵)
1055 4066 1121 4120 cf.
1173 4066 1406 4135 exempli
1453 4067 1624 4136 gratia
1658 4067 1883 4121 Phaedr.
1922 4067 2025 4120 272
2048 4067 2113 4121 D.
2154 4097 2221 4107 -—
2264 4068 2307 4136 ⁶)
2357 4064 2655 4131 Susemihl,
2706 4062 2929 4133 Gorgias

485 4170 538 4207 u.
579 4154 627 4206 d.
669 4156 759 4206 att.
798 4153 976 4207 Prosa.
1015 4153 1169 4207 Neue
1204 4154 1385 4209 Jahrb.
1427 4157 1546 4223 115,
1587 4156 1689 4208 ‘793
1727 4171 1839 4223 sqq.
1880 4185 1946 4194 --
1988 4155 2029 4223 ⁷)
2071 4154 2226 4209 Blass
2261 4155 2304 4222 Ι,
2341 4156 2427 4209 43.
2468 4153 2551 4208 52.
2590 4154 2675 4207 57.
2715 4150 2799 4207 58.
2839 4152 2925 4206 59.

487 4272 555 4279 -—
593 4242 635 4310 ⁸)
672 4240 826 4295 Blass
861 4241 906 4309 Ι,
943 4241 1027 4296 53.
