3250 4700
1631 187 1669 248 3

607 397 942 479 Dionysius
991 398 1156 462 enim
1187 400 1412 471 censet,
1459 397 1783 460 Platonem
1831 397 2148 460 imitatum
2188 413 2321 460 esse
2350 393 2791 474 Thucydidem,
2818 394 2864 475 ¹)
2914 389 2977 476 ξ.
3024 388 3099 456 2.

427 505 660 585 aliique
705 504 1068 586 interpretes
1100 504 1496 578 contendunt,
1542 503 1865 567 Platonem
1904 502 2212 566 adversari
2242 501 2505 565 voluisse
2535 499 2870 564 laudationi

435 610 703 684 PerioliS,
751 629 941 691 quam
980 609 1281 673 imitando
1329 628 1615 691 superare
1664 609 1985 672 studuerit.
2012 609 2059 690 2)
2168 607 2385 688 Itaque
2429 627 2552 670 non
2600 607 2870 670 alienum

429 716 676 780 xidetur
721 734 1030 798 exponere,
1080 735 1236 796 quae
1268 715 1603 780 Menexeno
1649 715 2005 779 eommunia
2048 715 2171 778 sint
2201 733 2345 778 eum
2376 713 2678 795 epitaphio
2706 711 2875 775 Thu-

427 822 706 904 cydideo.
779 823 878 897 ,Αο
923 821 1248 885 verborum
1295 822 1548 902 quidem
1593 821 1869 904 aliquam
1916 820 2383 898 similitudinem
2428 819 2714 884 exhibent
2757 819 2871 882 looi

429 928 542 1008 qui
589 931 967 1009 sequuntur:

613 1015 686 1096 In
719 1033 956 1097 exordio
1004 1037 1262 1115 uterque
1290 1034 1490 1096 utitur
1534 1033 1838 1097 contrario
1870 1033 2069 1097 verbis
2114 1021 2307 1116 λόγος
2334 1035 2398 1096 et
2431 1025 2613 1116 ἔργον
2644 1029 2874 1105 effeetO,

435 1141 623 1220 quale
667 1139 1054 1220 Thucydides
1111 1139 1178 1202 in
1235 1139 1540 1221 epitaphio
1587 1142 1807 1220 quater
1864 1138 2063 1203 deeies
2122 1137 2431 1212 adhibuit,
2490 1138 2541 1201 si
2586 1139 2878 1218 quattuor

437 1247 602 1309 loeos
649 1246 1054 1310 adnumerare
1084 1245 1245 1321 lieet,
1290 1246 1354 1308 in
1386 1245 1607 1327 quibus
1655 1265 1760 1327 pro
1792 1246 2009 1309 voeula
2037 1234 2230 1329 λόγος
2272 1244 2476 1326 posuit
2523 1231 2875 1327 ὁμολογεῖν,

437 1345 591 1436 ἔπη,
655 1346 864 1428 ἐλπίς,
926 1340 1177 1437 γνώμη,·
1250 1351 1425 1415 Plato
1475 1371 1617 1416 vero
1664 1352 1766 1414 illo
1827 1351 2133 1415 contrario
2192 1353 2287 1414 ter
2338 1350 2553 1413 utitur.
2640 1349 2876 1413 Menex.

404 1458 566 1530 ,236
613 1456 671 1521 D
733 1451 931 1541 ἔργιιιι
989 1453 1108 1538 μὲν
1166 1446 1318 1544 ἡιιῖν
1364 1457 1500 1521 σι’δε
1547 1452 1763 1538 ἔχουσι
1819 1495 1900 1502 -
1945 1446 2155 1541 λόγῳ
2216 1452 2289 1520 δὲ
2346 1446 2457 1518 τὸν
2499 1445 2881 1537 λειπόμενον

435 1552 685 1643 κόσμον
731 1550 766 1626 ὅ
805 1584 876 1626 τε
931 1585 1015 1625 νο
1026 1587 1072 1644 μ
1095 1585 1175 1639 09
1217 1553 1614 1647 προστάττει
1658 1549 2023 1627 ἀποδοῦναι’
2065 1564 2206 1638 τοῖς
2250 1548 2519 1646 ἀνδράσι
2564 1558 2677 1624 καὶ
2720 1551 2877 1646 χρή.

435 1669 516 1732 of.
561 1668 751 1732 Thuo.
797 1671 855 1744 2,
903 1671 1020 1732 35:
1088 1691 1149 1732 οι
1193 1665 1314 1750 μὲν
1357 1667 1594 1732 πολλοὶ
1644 1707 1725 1715 --
1775 1664 2117 1732 ἐπαινοῖσι
2173 1658 2285 1731 τὸν
2344 1664 2728 1752 προσθέντα
2788 1663 2881 1752 τῶ

439 1764 616 1858 νόμῳ
664 1765 779 1836 τὸν
819 1764 1056 1898 λόγον
1097 1765 1280 1839 τόνδε
1313 1813 1394 1820 -
1431 1771 1577 1856 ἐμοὶ
1625 1761 1685 1839 δ>
1731 1761 1964 1859 ἀρκοῦν
2008 1761 2086 1838 ὃν
2132 1764 2346 1838 ἐδόκει
2392 1763 2557 1837 εἶναι
2605 1759 2882 1858 ἀγαθῶν

440 1874 652 1964 ἔιιργιι
714 1876 1062 1964 γενομένων
1118 1875 1320 1965 ε’ργω
1381 1879 1494 1943 καὶ
1553 1877 1917 1966 δηλοῦσθαι
1972 1871 2092 1957 τὰς
2146 1903 2469 1961 τιμας-
2518 1869 2749 1999 ἐπειδη
2810 1875 2883 1942 δὲ

441 1987 584 2062 τοῖς
627 1977 838 2049 πάλαι
873 1974 1072 2063 οὕτως
1118 1977 1536 2072 ἐδοκιμάσθη
1568 2025 1650 2032 -
1682 1978 1819 2074 χρὴ
1870 1985 1983 2050 καὶ
2033 1983 2148 2068 ἐμὲ
2200 1976 2514 2068 ἑπόμενον
2542 1981 2636 2070 τῷ
2669 1975 2883 2069 νόμιιιι

446 2088 834 2172 πειρᾶσθαι.
910 2112 962 2156 0.
1010 2094 1132 2156 46:
1196 2085 1440 2180 είρηται
1486 2091 1598 2156 καὶ
1647 2089 1793 2174 ἐμοὶ
1854 2083 2043 2178 λογ
2012 2116 2064 2155 ιιι
2111 2082 2279 2155 κατὰ
2332 2082 2444 2155 τὸν
2502 2081 2751 2173 νόμον
2801 2127 2883 2138 -—-

442 2195 557 2260 καὶ
594 2193 793 2283 ἐριιγιι
827 2219 888 2262 οι
921 2189 1338 2279 θαπτόμενοι
1373 2236 1452 2244 -
1487 2189 1935 2285 κεκόσμηνται.
1974 2237 2055 2244 -
2088 2200 2327 2264 Menex.
2354 2195 2481 2262 238
2508 2199 2591 2261 Β.
2640 2192 2885 2282 πρέπει

445 2300 517 2367 ἐν
572 2300 666 2390 τῷ
745 2300 996 2390 τοιῷδε.
1091 2304 1165 2369 of.
1210 2305 1401 2370 Thuo.
1451 2308 1508 2381 2,
1559 2307 1664 2381 36,
1714 2307 1784 2369 l:
1866 2301 2128 2391 πρέπον
2188 2300 2255 2368 ἒν
2326 2300 2420 2390 τῷ
2488 2299 2739 2389 τοιῷδε.
2804 2341 2885 2349 ——

447 2410 685 2476 Menex.
745 2413 872 2475 238
923 2410 1000 2476 C:
1084 2410 1324 2475 καλεῖ
1399 2408 1473 2475 δὲ
1530 2400 1564 2476 ὅ
1624 2408 1746 2493 μὲν
1801 2398 1992 2498 αὐτὴν
2050 2405 2641 2497 δημοκρατίαν,
2722 2399 2755 2473 ὃ
2816 2407 2889 2474 δὲ

445 2502 614 2597 dimo,
655 2554 736 2561 —
779 2506 858 2579 τὸ
901 2514 1170 2604 πλῆθος
1213 2508 1332 2593 τάς
1385 2539 1456 2581 τε
1499 2504 1699 2603 ἀρχὰς
1742 2513 1976 2582 δίδωσι
2021 2514 2134 2580 καὶ
2190 2508 2269 2580 τὸ
2313 2506 2550 2602 κράτος
2603 2518 2745 2593 τοῖς
2787 2502 2889 2580 ἀεὶ

448 2612 718 2700 δόξασιν
785 2611 1160 2707 ἀρίστοις
1225 2613 1391 2687 εἶναι
1464 2622 1578 2686 καὶ
1649 2609 1791 2687 οἵτε
1848 2610 2161 2709 ἀσθενείᾳ
2230 2608 2372 2686 οἵτε
2448 2616 2692 2707 πενίᾳ
2762 2607 2889 2685 ὥτ’

448 2714 822 2814 ἀγνωσίᾳ
869 2727 1168 2814 πατέρων
1212 2717 1616 2816 ἀπελήλαται
1666 2716 1875 2805 οὐδεὶς
1928 2716 2074 2793 οὐδὲ
2115 2732 2255 2805 τοῖς
2301 2722 2613 2805 ἐναντίοις
2668 2723 2892 2791 τετί-

451 2857 721 2919 μηται.
805 2835 996 2899 Thuo.
1057 2838 1117 2910 2,
1176 2838 1278 2910 37,
1328 2838 1402 2899 1:
1458 2834 1572 2899 καὶ
1630 2821 1833 2916 όνοιια
1893 2831 2014 2916 μὲν
2060 2872 2141 2881 —-
2188 2827 2709 2921 δημοκρατία
2752 2831 2892 2898 κε’-

451 2938 746 3064 κληται
780 2978 861 2985 --
894 2930 1062 3003 κατὰ
1107 2938 1180 3004 δὲ
1224 2930 1336 3025 τὴν
1379 2926 1649 3019 ἀξίωσιν
1694 2930 1783 3017 (ὃς
1828 2935 2174 3017 ἕκαστος’
2147 2936 2213 3005 ἐν
2255 2963 2349 3025 τῳ
2388 2928 2733 3022 ευδοκιμεῖ,
2782 2926 2895 3003 οὐκ

451 3032 597 3109 ἀπὸ
624 3042 858 3130 μέρους
890 3084 969 3092 -
1003 3032 1114 3164 ἢ3
1074 3069 1176 3108 απ
1241 3034 1513 3133 ἀρετῆς
1557 3044 2071 3132 προτιμᾶται
2117 3034 2249 3111 ουδ’
2298 3030 2377 3110 αὗ
2409 3036 2577 3110 κατὰ
2608 3041 2901 3109 πενίαν

461 3189 542 3197 -
584 3138 954 3233 ἀξιώματος
1011 3138 1372 3239 ἀφανεία
1427 3143 1803 3216 κεκώλυται.
1836 3190 1947 3205 -—-
2004 3154 2242 3218 Menex.
2288 3154 2416 3218 247
2466 3152 2545 3217 C:
2611 3149 2901 3236 πατέρας

452 3254 532 3320 δὲ
575 3246 771 3343 ἡμῶν,
821 3246 941 3334 οἷς
984 3251 1180 3335 εἱσι,
1243 3256 1355 3321 καὶ
1399 3256 1679 3345 μητέρας
1732 3245 1834 3322 ἀεὶ
1876 3249 1993 3345 χρὴ
2037 3260 2769 3345 παραμυθεῖσθαι
2817 3294 2898 3304 -

457 3360 570 3426 καὶ
615 3354 716 3449 μὴ
777 3353 1402 3448 ξυνοδόρεσθαι.
1463 3365 1538 3428 of.
1583 3365 1774 3429 Thue.
1822 3368 1883 3441 2,
1929 3366 2036 3440 44,
2087 3368 2154 3429 1:
2212 3355 2363 3441 τοὺς
2403 3360 2605 3427 τῶνδε
2646 3361 2897 3440 τοκέας,

459 3457 647 3533 ὅσοι
693 3460 1080 3553 πάρεστε,
1129 3457 1270 3533 οὗκ
1317 3456 1841 3557 ὀλοφύρομαι
1896 3467 2141 3550 μᾶλλον
2196 3456 2236 3557 ἢ
2298 3459 2902 3556 παραμυθήσο-

461 3696 559 3749 der
593 3696 787 3765 platon.
825 3697 1025 3752 Philos.
1069 3697 1220 3751 1839.
1283 3697 1689 3765 Stallbaum‚
1726 3696 1966 3751 Platonis
2001 3696 2210 3752 Menex.
2253 3697 2405 3752 1857.
2469 3698 2696 3765 Blass,
2734 3698 2783 3751 d.
2812 3700 2903 3753 att.

466 3784 682 3839 BeredS.
725 3785 876 3841 1874.
913 3787 972 3841 Π
1005 3803 1055 3855 p.
1094 3786 1392 3841 430-441.
1433 3816 1500 3825 —
1534 3787 1581 3856 ¹)
1619 3785 1655 3840 l.
1696 3802 1740 3840 e.
1758 3802 1803 3841 0.
1843 3785 1927 3840 23.
1941 3785 1995 3839 Τ.
2011 3784 2149 3854 VIp.
2182 3786 2315 3841 1027
2352 3786 2575 3840 Reiske:
2622 3781 2909 3855 κράτιστος

463 3867 534 3938 δὴ
572 3869 798 3925 πάντων
832 3874 944 3925 τῶν
977 3873 1268 3927 πολιτικῶν
1303 3870 1477 3945 λόγων
1513 3895 1542 3926 o
1581 3872 1891 3937 Μενέξενος,
1932 3878 1992 3925 ἐν
2026 3895 2072 3942 ῳ
2106 3868 2205 3927 τὸν
2242 3870 2531 3945 ἐπιτάφιον
2562 3872 2906 3943 διεξέρχεται,

463 3982 536 4017 (υς
571 3965 674 4029 μὲν
711 3966 829 4030 ἐμοὶ
867 3961 1012 4015 δοκεῖ
1053 3960 1377 4028 Θουκιὸίδην
1411 3959 1900 4033 παραμιμούμενος,
1939 3955 2009 4017 ὦς
2046 3956 2095 4015 δ
2134 3955 2290 4018 αὐτός
2326 3982 2507 4033 φησιν,
2539 3955 2786 4033 Ἀρχῖνον
2820 3967 2911 4013 καὶ

467 4052 668 4101 Δίωνα.
708 4081 776 4089 —-
814 4052 858 4118 ²)
892 4050 1114 4104 Pmelus
1149 4051 1208 4103 in
1247 4052 1524 4105 comment.
1563 4050 1633 4104 ad
1666 4050 1907 4104 Platonis
1943 4050 2316 4103 parmenidem
2350 4050 2449 4117 IV,
2489 4049 2572 4104 22.
2626 4049 2907 4104 Gottleber.

469 4137 634 4206 Goell,
674 4136 1033 4192 Culturbilder
1069 4154 1165 4191 aus
1190 4138 1372 4192 Hellas
1413 4156 1466 4193 u.
1493 4138 1624 4192 Rom
1669 4138 1823 4205 1872,
1848 4138 1919 4205 Π,
1958 4138 2092 4192 394;
2132 4138 2220 4191 ein
2256 4137 2549 4191 ironisches
2576 4138 2911 4207 Gegenstiiek

469 4242 542 4278 zu
577 4225 671 4278 der
704 4226 1094 4294 perikleisehen
1129 4226 1288 4280 Rede.

2505 4314 2591 4379 1*
