3250 4700
1632 219 1670 282 5

417 422 534 495 τὸν
575 428 774 495 τῶνδε
819 425 1107 507 ἔπαινον,
1154 450 1277 494 non
1321 431 1780 512 dispositionem
1820 431 2008 494 totius
2054 429 2342 494 orationis
2374 429 2709 504 continent,
2756 428 2865 493 sed

421 538 736 620 prothesin
781 537 1032 602 secundi
1077 541 1324 601 tantum
1369 540 1432 601 et
1476 537 1646 602 tertii
1689 535 1806 600 loci
1849 536 2063 618 prioris
2106 535 2321 618 partis.

607 644 682 708 In
727 644 1082 708 universum
1127 646 1340 707 autem
1384 643 1560 706 Plato
1605 661 1741 707 rem
1795 642 1883 705 ita
1927 641 2227 717 instituit,
2288 645 2360 705 ut
2404 659 2479 705 ea
2522 641 2720 705 fusius
2764 660 2864 706 ex-

423 753 694 833 poneret,
740 768 896 830 quae
940 749 1330 830 Thucydides
1393 752 1504 813 aut
1559 749 1800 812 silentio
1861 748 2175 830 praeteriit
2228 751 2339 811 aut
2396 747 2593 812 obiter
2638 748 2865 828 attigit,

423 857 677 920 laudem
720 859 918 920 terrae
967 842 1321 939 (εὐγένειαν,
1368 844 1667 942 τροφήν),
1728 854 1893 918 facta
1938 854 2271 929 maiorum,
2317 872 2534 917 curam
2578 855 2863 930 civitatiS,

417 966 642 1026 contra
689 980 845 1043 quae
901 962 1226 1026 historiens
1284 961 1471 1024 latius
1515 964 1876 1044 persecutus
1922 963 2049 1035 est,
2111 959 2175 1022 in
2234 963 2572 1040 angustum
2627 964 2866 1024 contra·

427 1069 617 1142 heret,
664 1067 1134 1150 descriptionem
1178 1085 1439 1141 morum,
1488 1067 1740 1130 laudem
1769 1066 2044 1130 militnm
2090 1066 2197 1147 qui
2244 1066 2659 1148 sepelirentur,
2706 1085 2863 1148 quae

417 1174 592 1256 apud
621 1174 945 1238 Platonem
975 1173 1032 1237 ei
1064 1192 1222 1254 quae
1252 1174 1316 1236 in
1347 1174 1543 1238 altera
1573 1176 1749 1256 parte
1781 1175 1877 1237 est
1906 1171 2397 1236 sermocinationi
2424 1172 2719 1255 implicita
2751 1176 2861 1238 est.

607 1279 782 1358 Quod
825 1299 981 1344 num
1027 1281 1306 1343 consulto
1364 1279 1577 1344 fecerit
1636 1278 2030 1361 philosophus
2048 1325 2063 1353 ,
2122 1277 2221 1341 vix
2276 1277 2603 1360 disceptari
2645 1282 2862 1360 potest,

421 1404 815 1467 quamquam
870 1386 937 1448 in
980 1386 1313 1450 Menexeno
1368 1385 1757 1468 reperiunt-ur
1800 1384 1948 1458 loci,
1994 1384 2100 1466 qui
2145 1384 2457 1464 quendam
2502 1384 2865 1448 adversandi

429 1492 715 1555 animum
761 1510 971 1574 sapere
1015 1491 1318 1556 videntur.
1395 1491 1470 1555 In
1515 1491 1755 1579 exordio
1800 1490 1966 1555 enim
2012 1490 2275 1554 Pericles
2314 1490 2745 1572 Thucydideus
2790 1492 2864 1554 de

427 1617 682 1662 munere
729 1598 845 1661 sibi
886 1598 1172 1680 imposito
1219 1600 1399 1661 caute
1444 1601 1507 1661 et
1551 1597 1828 1661 modeste
1894 1597 2163 1678 loquitur
2224 1596 2301 1678 (c.
2348 1598 2464 1660 35:
2524 1587 2613 1682 μὴ
2660 1593 2727 1659 ἐν
2772 1590 2863 1660 ἑνὶ

418 1690 612 1787 ἆνόρὶ
659 1699 923 1766 πολλῶν
981 1689 1212 1788 ἀρετὰς
1268 1692 1757 1766 κινδινεύεσθαι
1815 1685 1884 1766 εὖ
1925 1724 1995 1766 τε
2038 1699 2151 1764 καὶ
2194 1704 2403 1786 χεῖρον
2445 1693 2700 1766 εἰπόντι
2744 1725 2863 1765 πι-

425 1805 804 1894 στευθῆναι)
824 1857 840 1884 ,
891 1809 1068 1873 Plato
1111 1828 1252 1873 vero
1295 1809 1672 1874 confidenter
1728 1828 1859 1873 rem
1906 1808 2261 1889 aggreditur
2322 1808 2477 1891 (233
2522 1809 2609 1872 E:
2668 1803 2867 1893 ἔργων

419 1905 551 1999 γὰρ
596 1898 664 1976 εὖ
725 1911 1154 2000 πραχθέντων
1195 1904 1368 1999 λόγῳ
1425 1910 1641 1991 καλῶς
1685 1910 1951 1999 ῥηθέντι
2002 1904 2217 2000 μνήμη
2278 1912 2391 1978 καὶ
2438 1905 2686 1996 κόσμος
2725 1917 2867 1991 τοῖς

429 2011 721 2104 πράξασι
768 2015 1073 2105 γίγνεται)
1131 2024 1194 2086 et
1237 2040 1384 2084 cum
1426 2019 1726 2084 iactantia
1768 2020 2085 2103 profitetur
2128 2039 2193 2084 se
2238 2023 2865 2085 commemoraturum

422 2145 564 2190 esse
619 2145 717 2191 res
777 2145 816 2190 a
874 2128 1042 2191 nullo
1101 2146 1384 2208 unquam
1442 2130 1620 2209 poeta
1682 2126 1864 2207 digne
1922 2123 2223 2190 tractatas
2296 2126 2451 2209 (239
2497 2124 2591 2209 C).
2692 2126 2867 2191 Idem

425 2233 713 2313 quamvis
757 2233 823 2296 in
869 2233 1269 2297 describenda
1312 2232 1578 2296 civitatis
1621 2231 1943 2314 disciplina
1986 2232 2221 2297 eisdem
2273 2232 2399 2296 fere
2444 2251 2517 2296 ac
2558 2233 2868 2314 Thncydi-

423 2338 538 2403 des
583 2338 784 2403 verbis
828 2342 1044 2404 utatur
1087 2339 1339 2421 eiusque
1406 2339 1757 2403 libertatem
1800 2338 2041 2415 laudet,
2101 2341 2313 2403 tamen
2357 2337 2681 2421 sophistice
2726 2358 2865 2404 eam

424 2445 884 2510 aristocratiam
929 2447 1216 2528 appellat.
1311 2444 1541 2525 Quodsi
1586 2446 1725 2528 quis
1771 2445 2137 2509 contendere
2181 2446 2360 2521 velit,
2422 2445 2641 2510 Pericli
2696 2464 2891 2509 more-

421 2550 804 2633 'l'hucydidis
821 2600 836 2627 ,
897 2552 1290 2634 Antiphontis
1350 2551 1632 2635 discipuli
1693 2549 1847 2631 (236
1878 2552 1993 2635 A),
2066 2551 2445 2615 contionanti
2501 2570 2610 2633 per
2662 2551 2865 2615 iocum

423 2658 650 2740 opponi
693 2676 1061 2738 germanum
1106 2658 1422 2733 Periclem,
1466 2657 1765 2740 Aspasiae
1812 2657 2209 2739 discipulum,
2256 2657 2433 2738 quasi
2476 2656 2863 2739 Thucydides

429 2784 553 2827 non
607 2782 748 2829 vere
809 2764 1170 2847 expresserit
1229 2762 1499 2846 Olympii
1555 2764 1826 2828 indolem
1842 2811 1858 2839 ,
1914 2765 2013 2827 vel
2069 2764 2390 2827 Platonem
2446 2764 2863 2828 demonstrare

427 2870 692 2933 voluisse
708 2916 724 2945 ,
782 2870 1014 2934 eisdem
1064 2870 1303 2933 dicendi
1355 2869 1731 2934 ornamentis
1747 2917 1763 2945 ,
1823 2888 1981 2951 quae
2023 2868 2411 2951 Thucydides
2470 2888 2864 2951 nequaquam

427 2976 695 3057 spernit,
756 2975 1078 3041 antithetis
1149 2976 1487 3057 ceterisque
1547 2975 1819 3039 artificiis
1882 2974 2155 3055 Gorgieis
2212 2975 2513 3057 copiosius
2575 2975 2865 3039 adhibitis

423 3082 767 3145 orationem
810 3100 988 3163 posse
1033 3081 1332 3163 componi,
1373 3100 1530 3162 quae
1565 3082 1767 3162 magis
1815 3082 2083 3163 placeret
2111 3081 2461 3163 gratiorque
2508 3085 2671 3146 esset
2698 3082 2868 3145 Thu-

423 3187 707 3268 cydidea,
750 3187 946 3269 primo
991 3187 1214 3251 obtutu
1257 3187 1409 3251 satis
1451 3186 1780 3251 verisimile
1824 3186 2123 3251 videatur.

605 3293 846 3387 Tamen
912 3312 1160 3357 summa
1218 3293 1438 3374 dialogi
1503 3293 1622 3356 hac
1688 3311 1754 3357 re
1822 3292 2115 3376 contineri
2181 3312 2306 3357 non
2371 3296 2587 3375 potest.
2700 3292 2866 3357 Nam

425 3398 854 3481 Thucydidem
899 3399 1228 3481 perstringi
1271 3399 1578 3481 probabile
1621 3418 1747 3462 non
1792 3402 1903 3473 est,
1948 3418 2095 3462 cum
2136 3398 2199 3463 in
2247 3399 2515 3464 oratione
2560 3399 2693 3481 ipsa
2738 3419 2867 3464 cer·
2974 3472 2990 3491 l

429 3506 587 3569 tiora
631 3505 914 3591 imitandi
959 3511 1022 3569 et
1065 3505 1428 3570 adversandi
1471 3505 1695 3569 indicia
1741 3504 1977 3580 desint,
2032 3504 2445 3587 reliquiaeque
2506 3500 2865 3589 (περιλείμ-
2902 3487 2973 3595 1)·
3134 3513 3143 3521 ’

425 3633 608 3691 ματα
652 3613 781 3675 236
829 3612 908 3694 Β)
966 3631 1121 3693 quas
1181 3630 1367 3693 supra
1422 3611 1689 3674 vidimus
1749 3610 2039 3675 orationis
2097 3610 2527 3692 Thucydideae
2570 3612 2865 3697 Aspasiae
2924 3656 2993 3723 l
3072 3588 3087 3601 ’

2949 3670 3044 3719 ..χ’
3168 3684 3175 3691 .

431 3716 580 3798 ipsi,
649 3736 840 3798 quam
881 3717 1224 3800 Thucydidi
1266 3717 1661 3799 Antiphontis
1723 3716 2021 3798 discipulo
2082 3716 2424 3799 oppositam
2481 3736 2613 3783 esse
2675 3718 2868 3781 critici
2993 3736 2999 3744 ·

424 3824 838 3898 contendunt,
897 3824 1250 3888 tribuantur
1265 3871 1281 3899 ,
1339 3842 1371 3888 e
1412 3824 1631 3888 ceteris
1673 3826 1887 3887 autem
1930 3821 2172 3904 scriptis
2217 3822 2548 3887 Platonicis
2608 3823 2865 3905 perspici

423 3948 554 3992 non
598 3930 808 4011 possit,
853 3948 964 3993 cur
1005 3948 1149 3994 eum
1192 3933 1397 4012 petere
1441 3930 1719 3994 voluerit.
1818 3930 2145 3994 Praeterea
2190 3929 2421 4009 ambigi
2466 3932 2683 4011 potest,
2730 3930 2865 4010 quis

295 4102 304 4112 ,
425 4036 548 4100 isto
593 4037 775 4100 modo
820 4037 1020 4116 magis
1067 4037 1258 4102 ironia
1303 4039 1566 4119 petatur,
1609 4035 2079 4118 Thucydidesne
2125 4053 2206 4098 an
2251 4035 2536 4110 PericleS,
2584 4035 2689 4117 qui
2734 4036 2868 4117 qui·
2902 4054 2905 4057 ⁴

423 4143 574 4208 dem
619 4144 860 4208 Platoni
890 4143 1130 4208 videtur
1172 4144 1239 4206 in
1283 4144 1561 4208 Phaedro
1608 4144 1735 4206 269
1784 4142 1834 4205 Ε
1882 4130 2144 4203 πάντων
2185 4130 2574 4217 τελεώτατος
2617 4134 2711 4217 εἷς
2756 4131 2869 4226 τὴν

423 4240 764 4336 ῥητορικὴν
809 4245 1150 4334 γεγονέναι.
