3250 4700
1642 174 1728 235 44

442 385 711 449 consilia
771 384 1015 466 capiens
1035 432 1049 460 ,
1108 385 1197 448 ita
1260 389 1332 448 ut
1396 385 1718 468 descriptio
1778 391 1973 452 colore
2034 391 2267 506 poetico
2328 392 2595 454 ornetur
2687 391 2815 453 244
2847 391 2899 452 Β

443 479 724 576 ,ησυχίαν
765 511 912 576 ηγεν
955 479 994 576 ἦ
1039 481 1238 566 πόλις
1271 481 1837 575 συγγιγνώσκουσα
1883 531 1964 539 —-
2011 481 2475 578 ἀγανακτοῦσα,
2521 491 2897 582 μεμνημένη.

456 596 508 660 C
557 593 973 715 διανοουμένη
1022 594 1096 661 δὲ
1140 586 1178 682 ἡ
1220 587 1436 672 πόλις.
1528 598 1577 660 Ε
1627 593 2097 684 φιλοικτίρμων
2142 597 2282 663 ἐστὶ
2328 599 2440 664 καὶ
2487 622 2601 664 του
2642 589 2903 688 ήττονος

453 697 750 787 θεραπίς
784 739 864 748 —-
900 689 1008 783 οὗχ
1055 702 1162 766 οιά
1207 725 1278 766 τε
1324 699 1571 787 ἐγένετο
1601 702 1986 790 καρτερῆσαι
2034 692 2183 769 ουδέ
2213 698 2626 793 διαφυλάξαι.
2696 709 2822 770 245
2849 709 2903 770 A

443 795 624 871 ,ἀλλὰ
686 799 1005 895 ἐκάμφθη
1065 806 1180 871 καὶ
1247 800 1566 896 ἐβοήθησε
1623 847 1705 856 ——-
1763 801 2157 896 βοηθήσασα
2214 798 2586 876 ἀπελύσατο
2646 851 2727 859 —
2789 800 2901 876 οὗκ

463 905 772 1000 ἐτόλμησε
815 911 1165 1000 βοηθῆσαι,
1209 909 1625 1002 αἰσχυνομένη
1674 953 1753 961 -
1804 907 2053 980 ἐάσασα
2092 955 2181 964 --
2228 912 2451 981 ἔσωσε·
2496 915 2903 1004 τειχισαμένη

443 1016 536 1082 δὲ
579 1017 694 1082 καὶ
751 1017 1315 1106 ναυπηγησαμένη,
1380 1018 1765 1107 ἐκδεξαμένη
1814 1059 1893 1068 —-
1944 1019 2272 1104 ἐπολέμει.
2364 1025 2491 1088 248
2518 1025 2568 1087 Ε
2615 1021 2729 1110 τῆς
2772 1016 2901 1086 πό-

437 1125 619 1201 ..λεως
662 1117 802 1190 ἴστε
859 1163 940 1172 —-
997 1116 1109 1211 τὴν
1157 1123 1567 1207 ἐπιμέλειαν,
1634 1115 1737 1190 ὅτι
1772 1116 2003 1209 νόμους
2050 1125 2294 1214 θεμένη
2340 1165 2423 1176 --
2472 1125 2899 1210 ἐπιμελεῖται.

461 1233 589 1295 249
636 1234 694 1295 A
737 1229 1176 1319 συνεκτρέφει,
1239 1230 1750 1319 προθυμουμένη
1799 1270 1880 1278 -
1926 1229 1994 1296 ἐν
2063 1225 2313 1320 πατρὸς
2375 1225 2653 1321 σχήματι
2700 1257 2900 1298 κατα-

453 1334 672 1400 στᾶσα
717 1375 798 1384 —-
847 1339 958 1400 καὶ
1015 1325 1418 1420 ἀποπέμπει
1471 1375 1553 1386 -
1611 1329 2030 1425 κοσμήσασα,
2095 1336 2531 1426 ἐνὸεικνυμένη
2574 1340 2687 1403 καὶ
2747 1327 2900 1403 ἄνα-

453 1433 909 1530 μιμνήσκουσα
945 1481 1024 1490 --
1059 1441 1348 1508 ὃιδοῖσα.
1418 1445 1471 1507 Β
1516 1440 1777 1525 τιμῶσα
1823 1432 2125 1509 οὐδέποτ’
2176 1440 2467 1509 ἐκλείπει
2502 1483 2582 1492 ——
2617 1443 2902 1510 ποιοῦσα

459 1587 548 1594 —-
579 1536 829 1633 ἀγῶνας
872 1552 1142 1613 τιθεῖσα
1175 1587 1254 1596 -—-
1305 1547 1372 1612 ἐν
1417 1541 1809 1636 κληρονόμου
1853 1549 1965 1614 καὶ
2008 1545 2181 1627 υἱέος
2218 1545 2419 1637 μοίρᾳ
2460 1555 2903 1638 καθεστηκυῖα

463 1693 545 1702 -—
594 1651 816 1718 πᾶσαν
861 1651 1242 1736 ἐπιμέλειαν
1285 1653 1661 1742 ποιουμένη.

641 1762 704 1843 3)
755 1760 1298 1843 Synecdoche.
1388 1763 1622 1827 Menex.
1674 1764 1801 1826 245
1851 1763 1908 1824 D
1970 1750 2041 1826 οὗ
2089 1760 2398 1840 Πέλοπες
2442 1749 2589 1826 οὐδὲ
2638 1752 2903 1842 Κάδμοι

457 1853 612 1929 οὗόἐ
656 1858 1002 1950 Λῖγυπτοί
1045 1888 1115 1930 τε
1159 1865 1274 1929 καὶ
1322 1862 1576 1930 Δαναοί
1624 1905 1706 1914 ——
1754 1865 2157 1931 συνοικοῦσιν
2200 1857 2369 1954 ἡμῖν.
2480 1870 2607 1932 249
2635 1869 2686 1930 Β
2734 1861 2903 1930 ἰέναι

457 1969 581 2034 ἐπὶ
627 1962 737 2058 τὴν
780 1962 1091 2057 πατρῴαν
1137 1965 1357 2035 ἑστίαν
1401 2004 1488 2026 =
1536 1967 1765 2036 οἰκίαν.

640 2079 706 2160 4)
777 2078 1284 2160 Periphrasis
1330 2098 1380 2142 s,
1426 2079 1919 2154 circumlocutio,
1968 2079 2034 2142 in
2076 2079 2411 2144 Menexeno
2458 2098 2494 2142 a
2539 2079 2830 2160 Dionysio
2855 2081 2900 2163 1)

459 2183 823 2264 vituperata.
917 2182 1098 2264 Gorg.
1144 2184 1306 2266 Epit.
1354 2173 1550 2264 νόμου
1594 2171 1929 2269 ἀκριβείας
1950 2185 2020 2269 2).

639 2289 922 2355 MeneX.
971 2291 1098 2354 237
1131 2290 1185 2354 Β
1229 2279 1563 2376 προγόνων
1603 2287 1869 2375 γένεσις,
1918 2309 2106 2373 quem
2148 2291 2213 2354 in
2258 2291 2463 2355 locum
2493 2291 2827 2373 Dionysius
2850 2291 2900 2374 3)

461 2399 625 2460 recte
671 2396 954 2470 adnotat,
1011 2398 1363 2478 praedicata
1411 2390 1653 2481 ἔπηλυς
1691 2401 1753 2461 et
1797 2383 2265 2484 ἀποφηναμένη
2326 2416 2449 2460 non
2496 2398 2797 2479 quadrare
2843 2398 2907 2460 in

462 2502 814 2566 subiectum
861 2498 1144 2585 γένεσις,·
1204 2506 1479 2567 ceterum
1541 2506 1825 2585 apparet,
1888 2504 2494 2567 circumlocutionem
2562 2505 2733 2567 lusus
2779 2522 2915 2568 ver-

463 2610 684 2672 borum
743 2626 931 2671 causa
992 2627 1125 2672 esse
1184 2608 1434 2672 factam.
1524 2608 1762 2673 Eadem
1819 2609 1891 2673 de
1951 2627 2141 2672 causa
2196 2609 2566 2691 periphrasis
2630 2609 2910 2673 adhibita

457 2717 558 2778 est
614 2714 741 2777 238
767 2716 822 2777 A
883 2707 1100 2776 ἐλαίου
1157 2698 1400 2797 γένεσιν
1444 2700 1664 2799 ἇνῆκε,
1714 2733 1833 2796 quo
1880 2715 2009 2777 loco
2057 2714 2353 2796 appositio
2402 2704 2620 2798 πόνων
2660 2701 2909 2800 ἀρωγὴν

461 2838 586 2883 non
631 2822 763 2881 tam
827 2819 1094 2901 quadrat
1147 2819 1212 2882 in
1270 2815 1512 2903 γένεσιν
1552 2819 1756 2902 {quam
1810 2820 1875 2883 in
1919 2820 2203 2883 voculam
2252 2813 2488 2895 ἐλαίου,
2540 2819 2614 2884 cf.
2663 2820 2907 2901 Protag.

461 2924 594 2987 324
619 2924 671 2985 Β
722 2923 996 3009 (Πρωτ.)
1050 2915 1126 2987 τὸ
1173 2918 1389 2989 ἔλαιον
1435 2962 1516 2971 -
1562 2927 1710 3001 ταῖς
1751 2921 1865 2988 τοῦ
1916 2912 2275 3010 ἀνθρώπου
2322 2922 2591 3008 (θριξὶν)
2638 2911 2906 3009 ἀρωγόν.

461 3030 672 3093 Etiam
716 3030 830 3093 hoc
859 3031 987 3094 loco
1018 3030 1474 3095 circumlocutio
1504 3031 1963 3113 paronomasiae
1996 3050 2184 3095 causa
2215 3031 2380 3095 facta
2416 3034 2511 3095 est
2545 3020 2906 3115 (ἐκγόνοις).

465 3136 587 3198 241
619 3134 676 3197 Ι)
721 3131 905 3211 τέλος
946 3130 1059 3221 τῆς
1104 3129 1420 3221 σωτηρίας
1467 3132 1819 3199 ἐπέθεσαν.
1922 3137 2049 3199 248
2078 3135 2123 3200 O
2169 3132 2283 3222 τῆς
2325 3125 2513 3222 τύχης
2554 3122 2633 3199 ἂν
2676 3124 2803 3198 εἶεν
2849 3131 2915 3197 ἐν

462 3230 657 3325 λήθῃ.
750 3241 876 3304 249
902 3242 957 3303 Α
1002 3234 1097 3315 εἷς
1139 3227 1368 3326 ἀνδρὸς
1409 3238 1594 3317 τέλος
1637 3234 1845 3303 ἴωσιν.

169 3365 252 3450 ἐξ,
298 3364 416 3432 30,
643 3346 775 3409 Hoc
819 3346 949 3410 loco
981 3365 1462 3411 commemorare
1495 3346 1681 3411 liceat
1710 3366 1897 3411 usum
1942 3348 2336 3413 adiectivi
2368 3348 2687 3429 generis
2731 3368 2917 3412 neu-

466 3453 625 3516 triu
643 3472 670 3515 s
715 3471 822 3535 pro
873 3452 1258 3515 substantivo
1304 3451 1581 3527 adhibiti,
1631 3452 1807 3516 cuius
1852 3471 2005 3516 usus
2052 3454 2217 3535 apud
2250 3453 2545 3533 Gorgiam
2591 3453 2909 3533 complura

465 3558 860 3621 inveniuntur
903 3559 1177 3640 exempla
1193 3605 1208 3633 ,
1266 3558 1328 3621 in
1371 3558 1705 3622 Menexeno
1752 3560 1963 3621 autem
2022 3578 2219 3623 unum
2276 3558 2563 3640 idemque
2606 3558 2910 3622 notabile:

466 3664 596 3726 245
624 3661 670 3726 O
713 3652 788 3725 τὸ
831 3658 944 3747 τῆς
988 3654 1243 3739 πόλεως
1288 3665 1570 3746 γενναῖον
1613 3660 1726 3725 καὶ
1775 3653 2113 3746 ἐλεύθερον
2154 3654 2424 3746 βέβαιόν
2466 3685 2535 3727 τε
2580 3660 2693 3726 καὶ
2739 3651 2914 3747 ὑγιές

469 3766 610 3831 ἐστι
656 3764 769 3829 καὶ
815 3758 1006 3854 φύσει
1049 3759 1551 3853 μισοβάρβαρον.

647 3872 872 3937 Contra
943 3874 1462 3938 elocutionem
1524 3874 1956 3957 copiosam,
2033 3894 2190 3956 quae
2249 3874 2511 3956 Gorgiae
2581 3876 2916 3957 eademque

466 3980 706 4061 generis
753 3979 993 4043 dicendi
1048 3979 1264 4060 poetici
1323 3980 1562 4062 propria
1607 3982 1733 4055 est,
1788 3979 1853 4042 in
1910 3979 2245 4044 Menexeno
2306 3982 2458 4045 satis
2519 3981 2915 4063 conspicuam

655 4207 696 4272 ¹)
731 4205 812 4258 De
851 4205 988 4259 adm.
1029 4205 1086 4258 vi
1123 4207 1273 4260 Dem.
1315 4222 1358 4261 c.
1401 4206 1483 4260 29.
1524 4236 1592 4244 —-
1632 4206 1674 4274 2)
1711 4204 1865 4259 Blass
1900 4202 1945 4271 Ι,
1986 4205 2069 4259 59.
2108 4233 2176 4245 ——
2215 4209 2255 4276 ³)
2292 4206 2327 4262 1.
2368 4225 2413 4263 c.
2453 4226 2497 4262 c.
2538 4207 2620 4262 27.
