3250 4700
364 368 459 443 <E.
551 368 884 459 μάχεσθαι
929 375 1042 440 καὶ
1087 365 1440 460 βαρβάροις
1481 365 1650 461 ὑπὲρ
1694 363 2001 439 ἁπάντων
2042 371 2171 438 τῶν
2212 362 2298 438 (Ε.
2407 374 2555 438 240.
2588 373 2638 438 Ε
2686 373 2813 436 242

371 489 449 548 A.
495 486 547 548 B
595 473 762 568 ὖντέρ
805 480 920 570 τῆς
964 479 1274 547 Βοιωτῶν
1319 476 1706 566 ἐλευθερίας.
1802 483 1931 545 243
1977 483 2034 545 Α
2076 469 2244 566 ὖπέρ
2287 476 2401 567 τῆς
2445 475 2819 545 Λεοντίνων

372 584 768 674 ἐλευθερίας.
861 591 992 652 244
1040 587 1086 654 C
1135 582 1508 673 ἐλευθερίας
1553 577 1941 672 ἐπικούρους
1982 576 2172 673 ἡμᾶς.
2264 589 2392 650 245
2439 589 2514 651 Α.
2588 589 2717 651 246
2762 588 2817 650 Α

374 690 444 760 οὶ
490 693 768 777 βασιλέα
813 685 1378 780 ἐλευθερώσαντες.
1467 693 1631 758 Tum
1673 712 1916 777 pugnae
1964 693 2129 776 apud
2158 692 2527 758 Marathona
2552 697 2613 759 et
2644 691 2819 758 Sala-

378 803 552 866 mina
615 801 814 866 factae
877 803 1121 866 notione
1177 795 1454 864 παιδεία
1510 801 1968 881 coniunguntur
2020 800 2181 864 inter
2237 819 2301 863 se
2347 802 2410 864 et
2458 817 2602 864 cum
2646 818 2819 882 prae-

373 908 636 973 cedente
679 911 870 990 parte,
928 907 1004 972 cf.
1053 908 1180 971 240
1230 907 1288 970 D
1347 896 1734 970 διδάσκαλοι
1796 896 2135 990 γενόμενοι.
2227 905 2278 968 Ε
2331 903 2632 992 μαθηταὶ
2692 902 2821 970 τῶν

386 1009 762 1098 ΖΙΙαραθῶνι
824 1002 1166 1097 γενόμενοι.
1260 1014 1383 1077 241
1457 1011 1503 1077 C
1566 1008 2009 1098 παιδευθῆναι
2077 1007 2188 1074 καὶ
2254 1001 2404 1087 τοὺς
2446 997 2677 1089 ἷίλλους
2720 999 2815 1075 c¹13.

377 1119 682 1201 Deinceps
739 1120 923 1183 verbo
966 1120 1241 1205 βοηθεῖν
1285 1119 1492 1182 novies
1537 1121 1833 1200 usurpato
1876 1118 2244 1199 colligantur
2300 1121 2506 1201 partes
2549 1120 2607 1182 A
2653 1120 2713 1194 3,
2758 1120 2818 1195 b,

375 1247 442 1288 α.
504 1247 560 1308 y.
626 1246 675 1288 ε.
767 1224 1046 1306 Denique
1083 1213 1306 1288 'verbis
1365 1226 1640 1287 κεῖσθαι
1698 1213 1938 1287 ἐνθάδε
1994 1224 2170 1306 quasi
2229 1242 2410 1288 versu
2470 1223 2819 1290 intercalari

379 1331 580 1395 utitur
637 1332 764 1393 242
815 1330 892 1395 D.
951 1330 1022 1394 E.
1113 1331 1241 1393 243
1290 1329 1356 1394 C.
1448 1331 1578 1393 246
1634 1332 1721 1405 Α,
1781 1330 1846 1393 id
1908 1330 2070 1412 quod
2129 1348 2198 1394 eo
2258 1329 2459 1411 magis
2504 1331 2571 1394 in
2606 1331 2819 1395 'oculos

374 1437 575 1512 cadit,
636 1437 798 1518 quod
856 1437 961 1500 illa
1015 1436 1200 1500 verba
1255 1436 1444 1500 etiam
1505 1436 1585 1499 ad
1646 1455 1749 1500 eos
1806 1435 2203 1511 adhibentur,
2269 1436 2375 1518 qui
2430 1453 2551 1500 non
2599 1437 2821 1519 sepulti

377 1546 546 1606 sunt.
639 1541 736 1606 Ita
783 1542 834 1606 si
881 1561 978 1606 res
1023 1542 1300 1606 diversae
1345 1542 1456 1606 uni
1498 1541 1729 1606 notioni
1778 1541 2252 1622 subiunguntur,
2299 1541 2588 1624 expositio
2620 1545 2818 1607 artem

377 1648 781 1730 sophisticam
827 1648 1028 1730 sapiat
1070 1665 1320 1712 necesse
1368 1650 1479 1712 est.

560 1753 697 1817 Iam
740 1771 881 1818 vero
929 1753 1090 1834 quod
1135 1753 1355 1817 attinet
1387 1753 1465 1816 ad
1507 1753 1944 1828 laudationem,
1990 1771 2147 1835 quae
2188 1753 2381 1835 priore
2420 1757 2595 1835 parte
2625 1755 2819 1818 conti·
2860 1754 2922 1841 ξ.
2975 1753 3097 1830 33.

381 1862 568 1924 netur
584 1907 599 1935 ,
663 1877 850 1942 supra
906 1859 1174 1923 vidimus
1236 1878 1376 1923 eam
1420 1859 1724 1923 narrando
1771 1858 1983 1941 peragi
1997 1907 2013 1934 ,
2075 1876 2232 1941 quae
2289 1859 2445 1924 ratio
2504 1862 2601 1924 est
2644 1861 2819 1942 longe

375 1966 694 2048 facillima.
784 1966 1020 2029 Eadem
1066 1968 1278 2029 autem
1323 1965 1522 2030 utitur
1568 1963 1847 2046 Gorgias,
1891 1965 2036 2029 cum
2084 1965 2509 2030 Themistoclis
2554 1969 2617 2030 et
2656 1966 2823 2030 Peri-

377 2073 494 2136 clis
538 2072 918 2136 mentionem
961 2071 1109 2135 facit
1154 2070 1307 2153 (455
1340 2070 1398 2133 D
1424 2071 1560 2154 sq.),
1607 2073 1670 2135 et
1699 2071 1905 2146 PoluS,
1952 2089 2099 2135 cum
2128 2070 2641 2136 demonstrandae
2686 2091 2824 2137 sen-

383 2177 616 2241 tentiae
660 2195 852 2241 causa
882 2177 958 2240 de
988 2177 1288 2241 Archelao
1318 2180 1533 2240 narrat
1567 2178 1716 2258 (471
1747 2178 1802 2239 A
1827 2177 1933 2259 ss),
1981 2195 2171 2259 quam
2203 2179 2507 2242 rationem
2538 2177 2821 2242 Socrates

379 2286 533 2347 tunc
580 2283 828 2367 quidem
874 2283 1027 2346 dixit
1072 2301 1204 2347 esse
1251 2277 1601 2370 ῥητορικῶς
1648 2278 1923 2367 ἐλέγχειν
1964 2286 2026 2347 et
2054 2271 2379 2370 μάρτυρας
2408 2281 2821 2369 παρέχεσθαι

383 2391 537 2471 (471
594 2389 672 2474 Ε)
719 2393 792 2453 ut
837 2390 1207 2454 contrariam
1252 2390 1769 2471 argumentationi
1813 2390 2279 2481 philosophicae*
2306 2390 2403 2455 vel
2448 2390 2819 2467 dialecticae,
2922 2420 2927 2423 ·

383 2514 551 2559 nunc
595 2499 808 2560 autem
851 2496 980 2577 ipse
1027 2495 1293 2560 adhibet.
1386 2495 1606 2577 Itaque
1635 2514 1761 2559 non
1790 2495 2130 2560 inconsulte
2160 2496 2236 2559 de
2268 2496 2653 2561 contentione
2684 2496 2824 2561 deo-

381 2620 527 2665 rum
569 2602 635 2665 in
666 2600 860 2665 Critia
903 2602 1224 2683 reprobata
1257 2601 1571 2683 scripsisse
1600 2588 1843 2665 videtur
1872 2603 2001 2666 237
2032 2601 2083 2664 E
2114 2604 2513 2687 μαρτυρεῖ
2542 2598 2617 2666 δέ
2646 2590 2824 2688 ἡμῶν

380 2704 478 2793 ’τῷ
520 2696 692 2791 λόγῳ
730 2703 861 2769 τῶν
900 2694 1526 2793 ἀμφισβητησάντων
1569 2704 1723 2791 περὶ
1768 2693 1959 2793 αὐτὴν
2001 2703 2177 2771 θεῶν
2208 2700 2358 2791 ἔρις.
2450 2708 2581 2773 Ista
2612 2710 2823 2774 autem

385 2813 620 2877 ratione
665 2813 944 2876 adhibita
987 2815 1288 2876 oratorem
1334 2831 1683 2895 numquam
1729 2813 1933 2877 deficit
1975 2813 2237 2877 materia
2280 2815 2378 2878 vel
2424 2816 2595 2897 copia
2640 2833 2825 2897 argu-

385 2923 754 2993 mentorum,
794 2918 858 2981 id
904 2918 1064 3001 quod
1098 2916 1355 3000 Gorgias
1400 2919 1476 2983 de
1524 2938 1588 2983 se
1635 2918 2009 3001 praedicavit
2032 2919 2101 3002 1).
2193 2919 2368 2984 Idem
2410 2920 2479 2984 in
2518 2920 2822 3003 epitaphio

386 3025 664 3108 pluribus
708 3025 910 3089 verbis
957 3028 1372 3089 commoratus
1419 3043 1552 3089 esse
1593 3028 1885 3089 narratur
1913 3026 1977 3089 in
2006 3025 2229 3109 pugnis
2262 3026 2425 3109 apud
2454 3026 2823 3092 Marathona

385 3134 449 3195 et
495 3130 814 3195 Salamina
858 3130 1204 3194 commissis
1229 3130 1296 3212 ²),
1340 3130 1503 3212 quod
1545 3130 1711 3195 idem
1755 3131 1933 3195 Plato
1977 3130 2043 3195 in
2087 3130 2420 3197 Menexeno
2462 3132 2623 3197 fecit.

565 3235 883 3299 Laudandi
943 3239 1154 3300 autem
1210 3236 1512 3301 rationem
1565 3236 1915 3301 accuratius
1974 3238 2395 3320 spectantibus
2442 3256 2825 3320 quamquam
2869 3236 2931 3323 ξ.
2978 3235 3099 3307 34.

387 3342 684 3407 nonnulla
739 3344 1096 3417 occurrunt,
1159 3360 1316 3424 quae
1375 3342 1525 3406 scite
1583 3345 1646 3406 et
1703 3361 1849 3407 cum
1908 3344 2117 3425 aliqua
2174 3343 2602 3426 probabilitate
2658 3343 2823 3409 dicta

384 3467 522 3513 esse
565 3448 856 3513 videntur
869 3496 884 3522 ,
944 3451 1153 3511 tamen
1197 3448 1395 3511 multo
1438 3447 1618 3529 plura
1660 3447 2056 3513 inveniuntur
2069 3497 2083 3524 ,
2144 3467 2303 3531 quae
2349 3451 2459 3512 aut
2502 3451 2827 3532 neglegen-

385 3554 546 3618 tiam
591 3558 702 3618 aut
743 3557 942 3619 artem
989 3553 1384 3635 sophisticam
1432 3554 1695 3635 sapiunt.

566 3661 656 3723 Ac
700 3660 1088 3741 neglegentia
1133 3659 1383 3741 quidem
1429 3660 1682 3724 oratoris
1725 3660 1793 3723 in
1839 3678 1908 3724 eo
1953 3660 2240 3737 cernitur,
2288 3662 2450 3743 quod
2496 3663 2824 3738 contendit,

387 3766 618 3830 milites
663 3767 828 3849 apud
859 3766 1223 3849 Oenophyta
1268 3766 1496 3830 occisos
1541 3766 1771 3848 primos
1816 3766 1881 3830 in
1923 3768 2067 3830 noto
2100 3766 2201 3831 illo
2235 3768 2510 3851 sepulcro
2550 3768 2825 3832 conditos

570 4032 610 4097 ¹)
648 4028 865 4083 Aristot.
905 4029 1059 4084 Rhet.
1099 4030 1182 4083 [Π
1222 4031 1284 4083 17
1323 4048 1373 4099 p.
1416 4029 1543 4085 158:
1596 4036 1687 4081 καὶ
1723 4022 1753 4082 3
1792 4028 1936 4102 ἔλεγε
1975 4034 2223 4102 Γοργίας,
2274 4022 2359 4083 ὅτι
2408 4024 2507 4099 οὗχ
2552 4023 2827 4083 ὑπολείπει

388 4110 556 4170 αὐτὸν
590 4111 620 4168 ὁ
657 4113 820 4189 λόγος.
861 4118 926 4173 cf.
963 4117 1118 4171 Blass
1153 4117 1198 4185 I,
1237 4119 1320 4173 57.
1361 4150 1428 4157 —
1467 4120 1508 4187 2)
1545 4118 1795 4174 Philostr.
1834 4119 1967 4175 Vitt.
2005 4117 2163 4187 Soph.
2203 4136 2253 4187 p.
2294 4119 2388 4171 14:
2429 4116 2729 4189 ένδιέτριψε
2767 4117 2829 4172 δὲ

387 4210 502 4261 τοῖς
536 4212 660 4276 περὶ
695 4204 809 4259 τῶν
845 4204 1106 4271 Μηδικῶν
1139 4212 1418 4276 τροπαίων
1455 4212 1706 4263 ἐπαίνοις.
1782 4208 1848 4262 cf.
1886 4206 2041 4261 BlaSS
2076 4206 2120 4276 L
2158 4208 2242 4263 56.

2468 4296 2511 4360 4
