3250 4700
236 1722 315 1808 §-
364 1721 433 1788 8.

1587 223 1742 284 ·14

473 439 608 498 tem
651 434 888 498 ratione
935 433 1188 498 effectus
1221 434 1588 516 depingitur,
1639 433 1783 515 quia
1817 432 2099 518 Socrates
2144 433 2211 496 in
2256 435 2562 516 symposio
2595 435 2919 517 vituperat,

477 541 582 603 hic
627 558 768 604 vero
813 540 1036 604 ironice
1081 539 1313 603 laudat.

656 646 732 708 In
773 645 1132 710 universum
1191 649 1404 709 autem
1463 646 1584 709 ista
1650 645 1945 708 laudandi
1988 646 2143 708 ratio
2161 694 2176 721 ‚
2224 664 2346 726 qua
2391 645 2638 720 civitaS‚
2694 647 2922 710 milites

477 752 681 827 occisi,
725 752 1005 826 maioreS‚
1053 752 1413 833 superstites
1459 752 1588 815 sine
1634 752 1985 815 discrimine
2026 755 2137 815 aut
2180 751 2455 814 veritatis
2500 755 2781 834 respectu
2827 771 2925 816 ce-

480 858 815 932 lebrantur,
861 877 984 920 non
1013 857 1216 921 differt
1261 857 1339 920 ab
1372 876 1444 921 ea
1475 876 1633 938 quae
1679 858 1743 920 in
1781 855 2008 938 Gorgia
2047 858 2448 940 impugnatur
2479 857 2918 921 assentatione.

478 962 653 1028 Haec
700 963 914 1028 eadem
962 966 1058 1026 est
1098 963 1417 1037 rhetorica,
1465 981 1624 1044 quae
1656 964 2001 1045 appellatur
2031 965 2160 1027 455
2186 966 2239 1025 A
2285 959 2571 1039 πειθοῦς
2616 961 2918 1049 δημιουρ-

481 1059 593 1152 γὸς
623 1065 1057 1155 πιστειτικῆς,
1103 1055 1242 1131 ἄλλ’
1277 1056 1350 1131 οὗ
1381 1065 1863 1154 διδασκαλικῆς,
1913 1071 2041 1133 462
2070 1068 2117 1133 C
2166 1064 2475 1153 ἐμπειρία
2516 1055 2923 1152 ἀπεργασίας

478 1165 739 1259 χάριτός
795 1197 970 1250 τινος
1023 1171 1137 1237 καὶ
1211 1163 1469 1260 ἡδονῆς,
1535 1176 1665 1238 500
1696 1175 1753 1237 D
1816 1171 1931 1237 τοῦ
1996 1163 2190 1260 ἡδέος
2254 1164 2458 1260 θήρα,
2523 1193 2681 1256 quae
2738 1175 2923 1239 efficit

479 1266 722 1358 εὗεξίαν
766 1277 1081 1344 δοκοῦσαν
1131 1279 1285 1362 (464
1330 1282 1442 1362 Α),
1507 1277 1621 1343 τοῦ
1662 1276 1783 1361 μὲν
1822 1274 2159 1361 βελτίστου
2206 1266 2351 1344 οὐδὲ
2356 1303 2387 1341 ν
2429 1274 2745 1367 φροντίζει
2768 1329 2782 1357 ,
2830 1276 2923 1364 tq*

482 1382 556 1448 δὲ
600 1372 703 1449 ἀεὶ
746 1375 991 1472 ἡδίστῳ
1035 1375 1377 1472 θηρεύεται
1433 1375 1548 1471 τὴν
1590 1372 1814 1448 ὄὲνοιαν
1856 1384 1969 1448 καὶ
2019 1381 2330 1471 ἐξαπατᾷ
2380 1385 2537 1466 (464
2567 1386 2685 1470 D),
2746 1386 2923 1450 cuius

481 1496 668 1574 caput
697 1495 792 1578 est
823 1487 1133 1554 κολακεία
1179 1491 1333 1572 (463
1359 1492 1458 1574 Β),
1507 1511 1592 1555 so,
1634 1480 1804 1575 πρὸς
1838 1481 1951 1577 τὴν
1998 1480 2227 1578 ἡδονὴν
2270 1480 2605 1575 ὁρμᾶσθαι
2648 1489 2761 1554 καὶ
2805 1514 2922 1572 χα-

482 1592 784 1681 ρίζεσθαι
828 1597 982 1679 (502
1010 1596 1104 1681 O),
1159 1588 1326 1681 πρὸς
1366 1585 1594 1684 ἡδονὴν
1654 1586 1900 1678 ὁμιλεῖν
1944 1599 2098 1679 (513
2124 1598 2227 1680 D),
2276 1596 2597 1660 διακονεῖν
2636 1598 2784 1680 (521
2817 1599 2921 1680 Α).

661 1705 788 1766 235
834 1703 892 1765 D
952 1701 1089 1766 Καὶ
1134 1690 1272 1783 ἅμα
1318 1689 1466 1766 οὐδὲ
1510 1689 2023 1784 αὐτοσχεδιάζειν
2064 1693 2146 1765 τά
2194 1725 2263 1787 γε
2306 1699 2575 1766 τοιαῦτα
2617 1693 2920 1782 χαλεπόν.

479 1810 625 1873 ibid.
673 1795 856 1872 οὐδὲν
895 1805 1065 1893 μέγα
1105 1807 1322 1872 δοκεῖν
1363 1792 1433 1872 εὗ
1474 1804 1699 1892 λέγειν.
1791 1809 1841 1872 Ε
1887 1807 2000 1871 καὶ
2046 1805 2191 1889 ἐμοὶ
2236 1805 2357 1889 μέν
2408 1829 2478 1892 γε
2525 1795 2707 1872 οὐδὲν
2750 1812 2919 1872 θαυ-

479 1905 730 1996 μαστόν
787 1914 904 1998 οἵῳ
979 1900 1038 1976 τ’
1098 1904 1265 1977 εἶναι
1341 1908 1573 1977 εἰπεῖν.
1664 1916 1795 1978 236
1840 1916 1894 1977 Α
1964 1902 2133 1977 οἷ’-τω
2187 1911 2307 1995 μὲν
2378 1899 2485 1977 οὖν
2539 1905 2925 2002 τρεφόμενον

480 2007 682 2105 ἄνδρα
730 2007 913 2084 οὐδὲν
957 2009 1342 2100 θαυμαστὸν
1387 2010 1592 2084 δεινὸν
1636 2009 1803 2083 εἶναι
1847 2017 2081 2105 λέγειν]
2160 2020 2466 2084 Iactantia
2513 2019 2781 2085 Socratis
2826 2021 2922 2084 his

480 2127 631 2191 locis
677 2126 1008 2208 conspicua
1037 2127 1430 2191 vehementer
1459 2127 1811 2208 vituperata
1854 2129 1951 2190 est
1992 2127 2075 2224 ab
2106 2127 2299 2202 Asti0‚
2346 2125 2921 2201 Schleiennacher0‚

483 2232 726 2297 ZellerO.
790 2234 874 2295 At
921 2251 1066 2296 cum
1112 2232 1199 2296 eis
1233 2233 1337 2313 qui
1369 2232 1742 2297 antecedunt
1783 2232 1934 2296 locis
1976 2251 2120 2296 eum
2165 2235 2229 2296 et
2258 2233 2597 2298 sententias
2644 2223 2706 2296 et
2734 2233 2919 2296 verba

484 2338 978 2403 adversariorum
1039 2337 1448 2421 assumpsisse
1508 2338 1835 2403 verisimile
1904 2337 2017 2414 sit,
2092 2338 2280 2404 etiam
2345 2339 2444 2403 hic
2505 2358 2648 2403 eum
2714 2341 2917 2421 partes

481 2444 715 2508 alienas
761 2462 941 2525 agere
987 2445 1392 2509 censebimus,
1482 2444 1645 2509 Nota
1704 2445 1870 2509 enim
1926 2447 2021 2509 est
2072 2446 2399 2510 ostentatio
2416 2494 2430 2519 ‚
2491 2464 2613 2526 qua
2662 2443 2919 2525 Gorgias

481 2550 647 2633 apud
677 2549 1002 2614 Platonem
1043 2551 1111 2614 in
1155 2568 1446 2615 scaenam
1491 2551 1713 2632 prodit.
1784 2549 2181 2632 Quamquam
2212 2551 2379 2614 enim
2410 2550 2921 2615 declamationem

478 2656 661 2719 modo
706 2656 924 2719 habuit
970 2658 1123 2738 (447
1155 2658 1267 2740 A),
1330 2657 1591 2720 alteram
1652 2651 1975 2733 ἐπίδειξιν
2027 2657 2290 2721 testibus
2339 2654 2801 2739 Chaerephonte
2861 2659 2923 2720 et

485 2760 734 2826 Callicle
779 2762 1060 2829 exhibere
1101 2765 1422 2845 promptus
1478 2765 1541 2826 et
1597 2765 1853 2843 paratus
1901 2765 1995 2826 est
2042 2761 2195 2843 (447
2228 2762 2347 2845 Β);
2404 2764 2718 2844 praeterea
2762 2765 2921 2825 teste

483 2866 732 2931 Callicle
777 2868 1085 2949 professus
1129 2870 1278 2942 erat,
1328 2887 1392 2931 se
1439 2868 1518 2931 ad
1560 2868 1900 2949 quamlibet
1942 2868 2484 2948 interrogationem
2530 2867 2919 2931 audientium

479 2991 924 3055 responsurum
966 2992 1100 3038 esse
1149 2973 1303 3055 (447
1339 2971 1410 3053 Ο)
1433 3022 1447 3049 ,
1510 2972 1573 3036 id
1616 2973 1779 3054 quod
1822 2974 1952 3055 ipse
2000 2972 2261 3054 Gorgias
2307 2974 2629 3037 confirmat
2688 2972 2921 3037 addens

485 3079 613 3143 448
646 3079 700 3141 A
744 3076 858 3141 καὶ
902 3074 1088 3162 λέγω,
1138 3066 1240 3141 ὅτι
1287 3065 1497 3155 οὖδείς
1550 3076 1637 3159 μέ·
1680 3102 1792 3141 πω
1835 3065 2118 3165 ἠρώτηκε
2161 3069 2382 3142 καινὸν
2437 3065 2619 3142 οὖδὲν
2664 3075 2926 3141 πολλῶν

481 3179 662 3246 ἐτῶν.
751 3184 913 3248 Τ11111
971 3203 1008 3247 a
1055 3183 1305 3249 Socrate
1363 3186 1775 3266 interrogatus
1793 3233 1808 3260 ‚
1871 3204 2025 3248 num
2082 3188 2285 3249 orator
2348 3186 2641 3268 appellari
2683 3184 2921 3258 debeat,

478 3289 924 3369 gloriabundus
955 3289 1105 3353 dicit
1135 3291 1262 3353 449
1296 3292 1382 3353 A:
1428 3276 1688 3374 ἀγαθόν
1732 3310 1819 3374 γε,
1868 3283 1925 3353 εἰ
1973 3280 2053 3376 δὴ
2100 3278 2135 3353 ὅ
2180 3312 2251 3375 γε
2293 3276 2556 3372 εἷ’·χομαι
2603 3278 2787 3365 εἶναι,
2836 3278 2926 3365 (ὃς

481 3390 611 3482 ἔφη
642 3382 937 3480 Ὅμηρος,
983 3384 1203 3477 βούλει
1245 3416 1328 3476 με
1371 3393 1608 3458 καλεῖν.
1688 3396 1771 3461 Et
1812 3415 1957 3459 cum
2004 3394 2286 3462 Socrates
2334 3398 2422 3461 sic
2468 3396 2630 3470 velit,
2680 3414 2744 3459 se
2791 3396 2926 3460 bre-

481 3501 640 3565 viter
694 3520 1132 3584 responsurum
1188 3519 1321 3566 esse
1403 3501 1723 3584 pollicetur
1796 3505 2105 3584 negatque
2166 3520 2544 3584 quemquam
2586 3520 2751 3577 esse,
2818 3502 2924 3583 qui

479 3607 873 3689 paucioribus
917 3608 1149 3683 verbis,
1196 3625 1387 3689 quam
1431 3607 1580 3689 ipse,
1627 3608 1843 3672 eadem
1887 3608 2084 3672 dicere
2128 3609 2322 3690 possit
2370 3607 2524 3689 (449
2566 3605 2657 3689 C),
2706 3626 2925 3689 quam-

484 3730 677 3794 quam
719 3712 883 3775 idem
928 3713 1007 3789 ad
1053 3712 1381 3776 arbitrium
1433 3713 1834 3793 longissimus
1878 3716 1991 3777 est.
2016 3715 2062 3796 1)
2168 3714 2447 3794 Denique
2502 3730 2732 3792 magna
2779 3732 2925 3775 cum

478 3818 890 3882 ostentatione
934 3818 1009 3883 de
1053 3837 1127 3882 ea
1172 3836 1364 3900 quam
1423 3818 1745 3901 profitetur
1787 3820 1918 3882 arte
1976 3819 2248 3900 loquitur
2262 3866 2277 3893 ‚
2336 3818 2639 3900 imprimis
2695 3819 2924 3899 insigni

484 3924 587 3987 illo
632 3924 760 3987 loco
806 3923 935 3987 456
958 3923 1012 3985 A
1057 3942 1208 4005 sqq„
1256 3942 1376 4005 quo
1421 3925 1549 3988 vim
1591 3925 1724 3988 eius
1777 3924 1868 3988 ita
1910 3923 2399 4006 comprehendit:
2447 3913 2714 3999 δυνατὸς
2760 3914 2928 4007 πρὸς

480 4016 781 4104 ἅπαντάς
827 4023 1002 4091 ἐστιν
1045 4016 1082 4090 ὃ
1125 4018 1330 4114 ῥήτωρ
1375 4027 1489 4093 καὶ
1533 4026 1689 4114 περὶ
1734 4018 1981 4106 παντὸς
2022 4025 2232 4112 λέγειν
2278 4028 2432 4111 (457
2467 4031 2569 4112 A).

665 4169 704 4235 ¹)
753 4167 976 4223 Phaedr.
1025 4167 1126 4222 267
1162 4166 1209 4221 Β
1263 4166 1472 4237 (Τισίας
1523 4173 1749 4240 Γοργίας
1795 4168 1875 4236 τε)
1930 4136 2225 4237 συντομίαν
2275 4186 2335 4219 τε
2388 4164 2560 4239 λόγων
2606 4173 2695 4219 καὶ
2733 4161 2928 4237 ἄπειρα

477 4251 626 4324 μήκη
661 4260 786 4326 περὶ
821 4252 1046 4309 πάντων
1081 4248 1322 4326 ἀνεῦρον.
