3250 4700
265 1349 446 1435 §.s-z.

1672 182 1755 244 48

713 391 777 473 2)
836 387 1459 475 παρακέλευσις
1545 389 1685 454 καὶ
1759 386 2271 476 παραμυθία
2358 388 2500 453 τοῦ
2574 381 2942 476 ῥήτορος.

923 497 1078 577 (248
1103 497 1160 559 D
1205 493 1406 559 ταῦτα
1453 481 1558 559 οὗν
1600 534 1681 543 ——
1729 493 1961 560 ἐκεῖνοι
2009 494 2429 583 ἐπέσκηπτον
2462 535 2541 542 -
2588 495 2701 559 καὶ
2750 484 2949 572 αὐτὸς

921 599 1197 686 δέομαι).
1245 623 1296 667 c.
1344 604 1448 667 21.

817 707 1136 773 Conclusio
1180 708 1332 790 (249
1362 707 1408 773 C
1453 705 1557 772 νῦν
1601 705 1676 772 δὲ
1718 695 1839 795 ἤδη
1884 697 2105 791 ὑμεῖς).

681 829 960 895 Similem
1036 833 1098 895 in
1173 832 1430 896 modum
1495 835 1741 913 Agatho
1820 833 2258 897 commissuras
2326 833 2598 915 partium
2670 832 2942 896 denotat..

496 936 777 1018 Exempli
821 937 1021 1018 gratia
1062 938 1412 1002 conferatur
1454 939 1755 1014 transiti0‚
1804 957 1927 1020 qua
1972 957 2009 1002 a
2055 940 2251 1021 priore
2297 939 2375 1002 ad
2406 939 2667 1002 alteram
2696 941 2935 1020 partem

494 1043 710 1124 prioris
773 1043 990 1125 capitis
1035 1045 1262 1125 pergit,
1331 1046 1454 1108 196
1501 1045 1554 1106 Β
1617 1042 1771 1129 περὶ
1830 1041 1949 1125 μὲν
1994 1029 2101 1107 οὗν
2142 1035 2414 1120 κάλλους
2457 1041 2571 1107 τοῦ
2616 1040 2779 1106 θεοῦ
2821 1040 2934 1104 καὶ

495 1145 696 1210 ταῦτα
743 1138 930 1210 ἱκανὰ
975 1147 1087 1210 καὶ
1133 1144 1230 1212 ἔτι
1275 1139 1491 1212 πολλὰ
1534 1144 1851 1228 λείπεται,
1900 1148 2053 1235 περὶ
2101 1145 2173 1212 δὲ
2218 1136 2443 1236 ἇρετῆς
2456 1135 2743 1235 ’Ἑρωτος
2770 1139 2929 1231 μετὰ

467 1249 694 1315 ’ταῦτα
738 1251 1012 1332 λεκτέον,
1061 1255 1134 1318 cf.
1182 1255 1418 1320 Mencx.
1467 1257 1595 1319 246
1626 1258 1698 1320 A.

669 1359 994 1425 Praeterea
1051 1361 1285 1442 aliquid
1347 1362 1659 1443 sophistici
1718 1362 1991 1426 cernitur
2045 1361 2113 1425 in
2174 1380 2247 1425 ea
2292 1361 2743 1443 perspicuitatis
2790 1379 2940 1424 con—

497 1465 828 1530 sectatione
844 1514 859 1542 ‚
904 1485 1027 1547 qua
1073 1467 1328 1548 scriptor
1372 1467 1643 1547 singulos
1685 1468 1847 1530 locos
1893 1467 2150 1530 alicuius
2195 1467 2387 1549 partis
2435 1471 2545 1530 aut
2585 1467 2931 1548 complures

494 1574 700 1653 partes
747 1572 962 1635 eadem
1007 1573 1252 1636 notione
1299 1573 1394 1637 vel
1438 1573 1655 1636 vocula
1701 1573 1975 1636 adhibita
2021 1573 2351 1652 coniungit.
2444 1572 2543 1636 Ita
2584 1572 2938 1635 notionibus

496 1666 692 1762 φίσις
752 1681 813 1741 et
869 1674 1114 1761 γένεσις
1171 1679 1536 1758 colligantur
1595 1679 1939 1754 exordium,
1997 1697 2141 1761 pars
2189 1680 2244 1742 A
2295 1679 2351 1741 1.
2400 1679 2461 1741 2.
2508 1678 2568 1740 3.
2662 1675 2752 1740 Of.
2801 1678 2928 1741 237

492 1784 548 1845 A
605 1780 786 1845 δοκεῖ
852 1781 957 1846 δέ
980 1805 1097 1865 μοι
1157 1780 1378 1870 χρῆναι
1445 1774 1612 1846 κατὰ
1674 1774 1955 1872 φῦσιν,
2028 1772 2280 1868 ὥσπερ
2311 1770 2562 1867 ἀγαθοὶ
2622 1779 2929 1866 ἐγένοντο,

497 1875 660 1950 οἵτω
719 1886 831 1950 καὶ
893 1885 1183 1952 ἐπαινεῖν
1227 1876 1492 1965 αὗτοῦς·-
1566 1876 1815 1972 αγαθοὶ
1876 1876 1972 1953 δ”
1940 1884 2229 1974 εγένοντο
2275 1878 2386 1952 διὰ
2430 1878 2505 1950 τὸ
2551 1884 2795 1974 φῦναι
2842 1874 2934 1965 ἐξ

471 1980 785 2082 Ιοἶγαθῶν·
877 1984 988 2080 τὴν
1045 1982 1465 2079 εὐγένειαν
1528 2017 1635 2058 ουν
1695 1992 1973 2081 πρῶτον.
2096 1997 2224 2058 238
2268 1994 2320 2058 Ε
2389 1983 2575 2082 ἡμεῖς
2648 1990 2764 2056 de}-
2776 1989 2939 2074 μιᾶς

490 2089 728 2184 μητρὸς
775 2090 1016 2176 πάντες
1073 2087 1345 2188 ἀδελφοὶ
1405 2123 1743 2188 φυντες-
1759 2087 1898 2164 ἄλλ>
1958 2090 1997 2187 ἡ
2056 2095 2350 2185 ἱσογονία
2406 2089 2444 2187 ἡ
2505 2088 2671 2162 κατὰ
2716 2089 2927 2186 φύσιν.

494 2206 621 2269 239
681 2208 734 2270 A
792 2203 1006 2282 καλῶς
1065 2228 1354 2293 φυντες
1410 2197 1626 2270 πολλὰ
1688 2197 1765 2294 δὴ
1824 2205 1936 2270 καὶ
1997 2196 2164 2270 καλὰ
2226 2201 2398 2292 ἔργα.
2503 2207 2632 2268 244
2693 2207 2748 2268 Α
2816 2202 2928 2267 καὶ

491 2300 731 2374 τοίτων
773 2299 1080 2375 ἁπάντων
1127 2300 1308 2377 οὐδὲν
1351 2297 1510 2378 α’λλο
1556 2305 1766 2377 αι’τιον
1806 2299 1847 2399 ἢ
1892 2301 1930 2401 ἡ
1975 2335 2068 2399 τῳ
2099 2299 2235 2376 όντι
2284 2309 2719 2397 ξυγγένεια.
2798 2311 2929 2374 245

493 2416 539 2481 O
599 2407 674 2481 τὸ
731 2414 845 2505 τῆς
901 2409 1157 2495 πόλεως
1214 2422 1496 2503 γενναῖον
1558 2458 1640 2466 —
1698 2409 1874 2504 ὑγιές
1932 2415 2075 2482 ἐστι
2130 2416 2242 2495 καὶ
2317 2408 2554 2505 φύσει
2609 2406 2929 2501 μισοβάρ-

489 2526 688 2609 βαρον
743 2513 854 2587 διὰ
909 2515 984 2587 τὸ
1030 2519 1388 2611 εἰλικρινῶς
1443 2516 1609 2589 εἶναι
1673 2514 1969 2611 (Έλληνες
1988 2526 2055 2608 ¹).
2146 2524 2281 2588 Hoc
2325 2523 2505 2587 modo
2550 2524 2673 2587 fere
2719 2542 2932 2587 omnes

489 2630 957 2695 Atheniensium
1013 2632 1271 2696 virtutes
1332 2651 1403 2695 ex
1464 2632 1903 2696 autochthonia
1972 2631 2343 2694 derivantur.
2436 2629 2619 2693 Porro
2684 2629 2929 2691 notione

490 2726 696 2822 τροφή
759 2736 1218 2817 coniunguntur
1275 2741 1482 2820 partes
1539 2739 1594 2800 A
1652 2739 1722 2814 2,
1784 2756 1840 2801 a.
1903 2756 1955 2801 c.
2017 2736 2092 2800 cf.
2157 2736 2285 2799 238
2344 2733 2390 2798 C
2451 2728 2757 2797 πολιτεία
2814 2723 2962 2818 γαρἱ

489 2864 528 2901 τ
545 2864 580 2926 ρ
597 2831 746 2928 οφὴ
785 2828 1177 2927 ἀνθρώπιον.
1269 2843 1505 2908 Deinde
1536 2844 1782 2907 notione
1816 2835 2153 2926 ἐλευθερία
2182 2860 2303 2905 non
2336 2842 2535 2905 solum
2568 2841 2939 2921 colligantur

489 2941 794 3009 πολιτεία
838 2951 900 3012 et
945 2943 1116 3033 ἔργα,
1195 2949 1269 3013 cf.
1317 2951 1444 3013 239
1473 2952 1528 3011 A
1589 2945 1657 3011 ἐν
1715 2938 1899 3033 πάσῃ
1961 2942 2301 3032 ἐλευθερίᾳ
2357 2944 2797 3030 τεθραμμένοι
2844 2982 2925 2991 —-—

492 3045 646 3136 ἔργα
689 3038 1104 3139 ἀπεφήναντο
1152 3092 1233 3100 —
1283 3045 1565 3135 οἰόμενοι
1627 3053 1763 3117 δεῖν
1815 3043 1982 3138 ὑπὲρ
2026 3050 2140 3139 τῆς
2186 3048 2559 3138 ἐλευθερίας
2604 3088 2685 3097 —·
2732 3042 2931 3132 μάχε-

493 3160 680 3235 σθαι,
731 3158 838 3223 sed
883 3160 1073 3223 etiam
1119 3162 1327 3224 omnia
1373 3180 1530 3242 quae
1574 3164 1910 3224 narrantur
1954 3160 2115 3224 bella
2160 3178 2265 3242 pro
2311 3160 2595 3223 libertate
2643 3159 2921 3238 suscepte»

490 3283 624 3328 csse
669 3263 974 3339 dicuntur,
1046 3265 1119 3328 cf.
1169 3267 1295 3330 239
1341 3267 1395 3329 Β
1459 3254 1626 3351 ὑπὲρ
1684 3262 1797 3352 τῆς
1855 3259 2230 3349 ἐλευθερίας
2274 3262 2387 3327 καὶ
2420 3253 2724 3349 (Ἕλλησιν
2767 3250 2938 3343 ὑπὲρ

670 3511 709 3578 1)
747 3511 858 3564 Vix
896 3512 1025 3564 ferri
1061 3514 1236 3579 potest
1271 3511 1429 3565 lectio
1467 3512 1714 3565 codicum
1741 3504 1990 3576 Ἕλληνες
2037 3524 2211 3578 neque
2248 3525 2311 3563 ea
2348 3524 2484 3577 quae
2522 3506 2817 3561 Stallbaum
2856 3508 2939 3559 at-

487 3598 615 3650 tulit
651 3600 893 3667 exempla
949 3600 1006 3652 in
1043 3600 1188 3653 hune
1225 3600 1402 3653 locum
1442 3601 1727 3669 quadrant:
1788 3598 1892 3652 242
1911 3600 1959 3651 Α
2004 3594 2154 3670 πάσῃ
2201 3596 2271 3669 τῇ
2314 3594 2512 3649 πόλει
2560 3592 2869 3660 διηντλήθη
2908 3588 2936 3645 ὁ

485 3684 714 3754 πόλεμος
765 3680 898 3756 ὑπὲρ
951 3688 1227 3740 ἑαυτῶν.
1305 3689 1406 3743 246
1431 3689 1479 3742 D
1528 3688 1597 3761 τῇ
1632 3684 1784 3741 πόλει
1832 3678 2285 3757 παρεκελευόμεθ’
2326 3678 2418 3747 ἄν,
2468 3677 2610 3738 ὅπως
2646 3713 2711 3723 --
2752 3686 2937 3751 ἐπιμε-

485 3772 759 3840 λήσονται.
819 3774 1150 3839 Quadrarent
1187 3780 1383 3845 autem,
1421 3776 1468 3830 si
1505 3774 1659 3831 πόλις
1695 3775 1997 3828 subiectum
2035 3775 2189 3827 esset.
2245 3772 2387 3826 Nam
2426 3772 2473 3825 si
2500 3771 2759 3840 scriptum
2796 3773 2940 3825 esset

485 3856 517 3928 ἡ
543 3869 766 3933 γενναία
789 3860 954 3923 πόλις,
991 3864 1356 3918 nominativus
1380 3864 1602 3933 pluralis
1640 3862 1931 3932 praedicati
1977 3878 2084 3915 non
2123 3862 2265 3914 esset
2310 3860 2494 3928 durus,
2546 3860 2711 3913 immo
2748 3874 2934 3912 neces—

485 3950 676 4017 sariuS‚
725 3951 853 4019 quia
887 3948 1038 4007 πόλις
1075 3953 1142 4006 ad
1177 3968 1393 4006 sensum
1430 3949 1679 4020 usurpari
1719 3952 1893 4019 potest
1926 3967 2021 4019 pro
2056 3947 2307 4011 πολῖται;
2340 3965 2483 4002 nunc
2521 3951 2700 4002 autem
2727 3947 2937 4000 duabus

484 4039 869 4093 mutationibus
907 4057 1040 4109 opus
1078 4043 1182 4094 est:
1227 4041 1462 4110 primum
1498 4057 1592 4109 pro
1629 4034 1692 4093 τὸ
1727 4039 1825 4106 τῆς
1860 4036 2065 4094 πόλεως
2099 4043 2351 4108 γενναῖον
2386 4036 2815 4091 subaudiendum
2853 4038 2939 4087 est

487 4120 518 4190 ἡ
556 4133 780 4197 γενναία
804 4124 970 4191 πόλις,
1010 4132 1128 4182 ‘tum
1165 4130 1380 4183 demum
1419 4129 1474 4182 οἱ
1505 4134 1745 4200 γενναῖοι
1780 4126 2011 4180 πολῖται.
2092 4126 2281 4195 Itaque
2319 4126 2465 4179 haud
2502 4125 2614 4179 scio
2652 4140 2719 4177 an
2756 4124 2939 4193 legen—

489 4213 618 4265 dum
656 4213 728 4265 sit
753 4208 1022 4281 Ἕλληνας,
1062 4232 1186 4269 nam
1213 4218 1278 4271 ad
1305 4217 1614 4287 genetivum
1639 4216 1840 4270 relatus
1875 4216 2217 4271 accusativus
2246 4213 2540 4283 praedicati
2569 4212 2803 4267 usitatus
2840 4215 2941 4266 est.
