3250 4700
1549 197 1632 260 55

359 408 698 472 oratoriam
764 408 1037 472 Platonis
1106 408 1386 489 gloriam·
1435 408 1732 472 contineri
1798 409 2057 472 constat.
2148 407 2467 471 Laudatur
2534 407 2697 471 enim
2765 425 2801 470 a

365 514 688 595 Dionysi0,
749 515 1042 579 acerrimo
1102 514 1437 597 philosophi
1496 515 1867 595 exagitatore
1894 515 1961 597 ¹),
2007 518 2070 577 et
2114 513 2267 577 aliis,
2358 513 2417 576 Ν
2419 533 2488 578 ec
2531 513 2802 577 dubitari

367 622 584 702 potest,
632 620 782 701 quin
829 620 1256 685 sermocinatio
1303 639 1462 702 quae
1508 620 1836 684 adhibetur
1879 639 2001 683 non
2045 619 2291 700 indigne
2338 619 2592 684 Platone
2639 638 2805 684 com-

367 726 564 808 posita
611 726 796 790 simul
827 729 888 791 et
920 727 1070 791 scite
1101 745 1246 790 cum
1277 725 1534 790 oratoris
1567 725 1991 790 adhortatione
2022 726 2346 790 coniuncta
2379 725 2476 789 sit.
2566 725 2802 790 Tamen

366 833 527 896 hanc
584 851 824 914 quoque
885 835 1126 914 partem
1169 832 1320 895 artis
1366 831 1706 896 rhetoricae
1751 831 2096 914 praestigiis
2144 832 2296 895 satis
2341 833 2624 896 ornatam
2669 850 2801 895 esse

369 937 650 1001 vidimus.
743 937 1208 1003 Sententiarum
1253 940 1466 1002 autem
1520 937 1762 1019 copiam
1805 957 1926 1001 non
1971 937 2060 1001 ita
2104 955 2401 1018 magnam
2446 956 2579 1001 esse
2624 936 2802 1001 facile

366 1042 641 1124 intellegi
700 1046 932 1125 potest,
995 1062 1378 1125 quamquam
1436 1043 1681 1118 insunt,
1742 1062 1898 1124 quae
1959 1043 2213 1107 Platone
2274 1043 2459 1124 digna
2518 1043 2803 1108 habenda

361 1149 509 1213 sint.
600 1150 802 1230 Atque
847 1149 1288 1214 adhortationis
1335 1149 1586 1230 quidem
1632 1149 1711 1212 ad
1756 1149 1909 1213 filios
1936 1167 2282 1238 ‘conversae
2326 1150 2448 1214 hae
2487 1149 2611 1213 fere
2658 1151 2805 1212 sunt

361 1255 746 1319 sententiae:

373 1361 434 1444 1)
485 1361 565 1425 Et
608 1364 990 1444 posterorum
1035 1364 1097 1426 et
1141 1361 1448 1425 maiorum
1494 1380 1685 1426 causa
1716 1363 2042 1426 honestam
2073 1364 2339 1426 mortem
2371 1361 2803 1444 anteponimus

362 1468 537 1550 turpi
580 1468 769 1541 vitae;
813 1467 866 1530 is
913 1467 1078 1531 enim
1121 1467 1322 1531 vivere
1360 1486 1484 1531 non
1529 1467 1728 1541 debet,
1777 1468 1883 1548 qui
1928 1468 2057 1531 suis
2101 1467 2470 1548 ignominiae
2516 1470 2639 1540 est;

363 1575 436 1656 2)
480 1563 594 1659 χρὴ
642 1556 749 1636 οὗν
794 1573 904 1654 -]
968 1573 1177 1654 itaque
1222 1574 1286 1635 in
1330 1573 1616 1637 omnibus
1662 1574 1846 1636 rebus
1890 1573 2185 1637 virtutem
2231 1575 2505 1655 spectare
2551 1572 2803 1648 debetis,

363 1698 492 1761 qua
535 1682 771 1743 remota
811 1679 1020 1742 omnia
1063 1678 1208 1742 vilia
1255 1681 1428 1752 sunt;
2189 1699 2198 1702 -

367 1787 436 1868 3)
485 1765 572 1847 ὧν
630 1779 814 1847 ἕνεκα
871 1781 984 1846 καὶ
1043 1780 1332 1868 πρῶτον]
1388 1787 1705 1866 propterea
1761 1803 1867 1848 vos
1908 1784 2071 1848 'dare
2116 1803 2364 1866 operam
2408 1786 2672 1868 oportet,
2735 1788 2807 1847 ut

367 1909 479 1954 nos
533 1890 861 1972 superetis;
923 1892 1124 1954 vestra
1185 1890 1352 1954 enim
1410 1890 1662 1953 victoria
1724 1891 1901 1954 nobis
1959 1890 2326 1973 turpitudini
2388 1891 2532 1964 erit,
2597 1892 2807 1954 nostra

365 1998 581 2061 autem
626 1995 830 2059 clades
873 1995 1267 2070 beatitudini;

366 2103 437 2185 4)
482 2091 770 2182 μάλιστα
831 2086 998 2182 δ’ἔν]
1057 2101 1231 2166 decet
1289 2103 1501 2165 autem
1561 2101 1869 2165 maiorum
1929 2101 2187 2182 gloriam
2246 2121 2369 2166 non
2429 2121 2805 2177 consumere,

367 2208 478 2273 sed
534 2207 840 2290 propriam
894 2207 1152 2289 posteris
1212 2207 1552 2289 relinquere
1623 2209 1807 2290 (quae
1869 2208 2175 2272 sententia
2237 2209 2532 2290 repetitur
2599 2210 2659 2291 a)
2717 2198 2807 2292 μὴ

367 2302 912 2399 καταχρησόμενοι
956 2299 1106 2399 μηδ)
1139 2298 1592 2391 ἀναλώσοντες,
1643 2313 1707 2397 b)
1740 2309 2027 2399 χρῆσθαι
2057 2311 2169 2376 καὶ
2199 2303 2288 2399 μὴ
2322 2304 2803 2399 παραδιδόναι).

547 2420 842 2483 Variatur
883 2420 1076 2501 igitur
1117 2439 1243 2484 una
1290 2420 1626 2501 eademque
1670 2420 2003 2484 sententia:
2052 2423 2115 2484 et
2156 2421 2463 2484 maiorum
2508 2424 2569 2485 et
2607 2424 2809 2503 poste-

369 2546 578 2591 rorum
620 2543 810 2589 causa
858 2545 1039 2590 nemo
1084 2544 1206 2590 non
1251 2526 1477 2589 virtute
1523 2526 1781 2606 gloriam
1826 2526 1941 2589 sibi
1984 2544 2199 2607 parare
2246 2526 2445 2591 debet.

546 2631 684 2695 Iam
747 2650 888 2696 vero
965 2631 1392 2696 consolationis
1460 2633 1711 2713 patrum
1786 2634 1848 2695 et
1922 2635 2196 2695 matrum
2271 2632 2387 2695 hae
2460 2631 2584 2696 fere
2662 2636 2807 2697 sunt

367 2737 741 2802 sententiae:

373 2844 438 2926 1)
502 2843 795 2907 Parentes
863 2842 1299 2918 consolatione,
1367 2844 1443 2906 ut
1487 2862 1677 2924 quam
1740 2842 2046 2907 levissime
2106 2842 2308 2907 ferant
2366 2844 2805 2917 calamitatem,

371 2948 715 3013 adducendi
756 2950 902 3011 sunt
947 2951 1009 3011 et
1054 2947 1450 3023 admonendi,
1496 2967 1560 3012 se
1605 2948 1862 3012 maximi
1905 2948 2030 3012 voti
2075 2951 2383 3031 compotes
2430 2968 2591 3025 esse,
2653 2950 2809 3013 filio·
2910 3006 2924 3015 ,

371 3073 514 3118 rum
558 3054 860 3119 bonorum
905 3056 968 3117 et
1014 3054 1350 3128 clarorum3

367 3162 438 3244 2)
489 3158 601 3223 καὶ
671 3157 973 3245 φέροντες
1033 3157 1180 3242 μέν]
1247 3162 1338 3223 Ac
1404 3160 1735 3225 tolerantes
1802 3159 2038 3224 fortiter
2106 3160 2415 3224 fortunam
2486 3154 2808 3225 adversam

371 3266 625 3330 fortium
669 3266 934 3330 filiorum
978 3268 1182 3348 patres
1228 3285 1362 3330 esse
1391 3266 1795 3339 videbuntur3
1843 3266 2070 3348 alioqui
2103 3267 2512 3349 suspicionem
2540 3286 2810 3331 commo-

370 3372 621 3446 vebunt,
667 3391 732 3436 se
779 3391 902 3435 non
947 3390 1080 3436 esse
1124 3375 1406 3453 parentes
1453 3375 1693 3437 nostros
1742 3376 1852 3435 aut
1892 3372 2241 3437 laudatores
2288 3375 2527 3436 nostros
2558 3372 2811 3436 mentiri

375 3478 566 3561 (prior
607 3478 914 3543 sententia
958 3478 1310 3561 repetitur);

369 3585 438 3668 3)
482 3574 692 3647 πάλαι
759 3574 879 3669 γὰρ
924 3574 1030 3670 δή]
1100 3584 1484 3666 proverbium
1531 3584 1697 3649 enim
1740 3603 1854 3660 „ne
1905 3583 2053 3665 quid
2101 3583 2325 3647 nimis“
2372 3585 2523 3649 bene
2569 3586 2807 3649 dictum

369 3693 488 3765 est,
532 3708 682 3753 nam
725 3692 902 3755 cuius
943 3690 1258 3755 beatitudo
1304 3692 1370 3753 in
1415 3691 1543 3772 ipso
1589 3689 1786 3773 posita
1831 3692 1955 3765 est,
2013 3708 2137 3753 non
2180 3690 2244 3752 in
2290 3690 2451 3765 aliis,
2515 3692 2567 3755 is
2613 3710 2809 3773 neque

371 3796 560 3859 nimis
622 3796 916 3877 gaudebit
975 3796 1117 3860 filiis
1163 3797 1326 3860 natis
1371 3815 1569 3882 neque
1615 3796 1863 3859 amissis
1906 3796 2094 3858 nimis
2141 3795 2385 3859 dolebit.
2475 3796 2655 3861 Tales
2699 3816 2809 3861 nos

373 3920 616 3984 quoque
660 3921 770 3966 nos
816 3904 1200 3985 praebemUS,
1245 3922 1358 3967 nec
1403 3902 1677 3967 dolentes
1723 3920 1837 3967 nec
1878 3888 2166 3966 ti‘mentes
2209 3902 2492 3977 nimium,
2540 3903 2701 3985 quod
2744 3904 2809 3966 in

245 4008 258 4017 “
374 4008 719 4092 praesentia
763 4009 937 4071 nobis
984 4009 1368 4073 moriendum
1413 4012 1536 4082 est;

557 4238 596 4303 1)
631 4236 666 4292 1.
706 4254 750 4291 c.
791 4253 836 4292 c.
879 4236 961 4291 30.
1000 4254 1049 4305 p.
1093 4236 1244 4292 1044.
