3250 4700
1624 150 1708 212 38

445 350 841 446 προστάττει
873 399 961 407 -
995 359 1109 424 καὶ
1137 351 1273 446 χρή.
1350 360 1402 424 Ε
1437 361 1498 441 a)
1535 355 1735 444 ἔργων
1767 397 1847 405 -—
1880 357 2310 444 πραχθέντων
2349 359 2356 447 Ι
2396 352 2899 448 λόγῳ-ῥηθέντι.

443 469 510 550 Β)
560 469 700 544 τοῖς
744 457 1034 552 πράξᾶσι
1061 503 1142 512 —-
1168 457 1351 552 παρὰ
1395 463 1524 530 τῶν
1565 457 1993 544 ἀκουσάντων,
2029 468 2212 531 simu]
2237 471 2298 532 et
2329 458 2618 552 πράξασι
2650 469 2902 551 opponi-

445 576 550 636 tur
592 575 772 638 verbo
829 571 1274 660 πραχθέντων.
1381 574 1438 655 ο)
1487 563 1637 649 τοὶς
1678 569 1797 654 μὲν
1839 610 1928 618 -
1975 568 2407 651 ἐπαινέσεται,
2453 572 2460 660 Ι
2500 576 2641 650 τοῖς
2686 571 2760 637 δέ
2811 613 2893 620 -

449 677 930 765 παραινέσεται.
1023 680 1088 762 d)
1147 669 1437 763 ἐκγόνοις
1492 718 1580 724 —-
1638 669 2257 764 παρακελευόμενος,
2302 678 2309 764 Ι
2352 677 2645 765 πατέρας
2691 677 2764 743 δέ
2812 719 2899 726 --

450 777 1056 872 παραμυθούμενος.
1167 787 1293 849 237
1353 787 1408 848 Α
1471 781 1704 863 ζῶντές
1769 805 1838 847 τε
1898 773 2048 859 τοὺς
2107 779 2347 847 ἑαυτῶν
2406 771 2745 871 ε’ύφραινον
2807 772 2901 847 δι>

448 879 677 978 ἀρετὴν
716 889 723 977 Ι
765 889 877 954 καὶ
924 881 1038 976 τὴν
1074 880 1363 976 τελευτὴν
1405 877 1548 954 ἀντὶ
1591 886 1707 976 τῆς
1735 886 1865 953 τῶν
1896 880 2147 968 ζώντων
2176 885 2495 975 σωτηρίας
2524 877 2894 976 ἠλλάξαντο,

452 1017 572 1080 quo
616 998 746 1061 looo
792 986 1081 1082 τελευτὴν
1123 997 1448 1078 opponitur
1493 1000 1554 1060 et
1597 997 1781 1060 verbo
1829 992 2057 1073 ζῶντες
2101 999 2163 1060 et
2194 989 2527 1081 σωτηρίας,
2579 1000 2903 1078 praeterea

450 1104 731 1168 membra
789 1105 1249 1184 coniunguntur
1291 1103 1435 1166 lusu
1491 1103 1835 1166 verborum.
1929 1099 1975 1164 C
2034 1097 2329 1187 πολλαχῇ
2383 1097 2503 1181 μὲν
2559 1099 2671 1163 καὶ
2718 1087 2901 1186 ἄλλῃ,

451 1205 712 1294 πρῶτον
779 1205 853 1272 δέ
917 1205 1032 1271 καὶ
1096 1205 1422 1291 μέγιστον.
1542 1207 1600 1270 D
1667 1201 1917 1292 θηρίων
1979 1203 2101 1288 μέν
2166 1193 2405 1292 ἀγρίων
2460 1245 2548 1252 —-
2612 1197 2833 1294 ἐφάνη,
2888 1205 2894 1292 Ι

453 1311 786 1394 ἐξελέξατο
843 1310 918 1378 δέ
967 1351 1047 1360 -
1096 1300 1490 1398 ἔνθρωπονς
1549 1314 1719 1394 prius
1776 1314 2130 1377 membrum
2177 1313 2365 1376 simul
2408 1314 2756 1394 oppositum
2803 1316 2904 1375 est

454 1421 772 1486 enuntiato
816 1413 1092 1496 relative,
1139 1419 1302 1500 quod
1343 1419 1673 1502 praecedit.
1766 1419 1893 1481 238
1941 1420 1993 1481 A
2037 1414 2283 1499 μᾶλλον
2325 1406 2494 1502 ὑπὲρ
2546 1413 2661 1502 γῆς
2704 1403 2745 1503 ἢ
2792 1439 2900 1501 γι·-

453 1518 675 1602 ναικός
720 1525 1028 1608 (sequitur
1075 1511 1145 1588 οὗ
1179 1515 1296 1610 γὰρ
1341 1521 1418 1610 γῆ
1451 1525 1720 1608 γυναῖκα
1747 1562 1834 1570 —-
1866 1510 2029 1586 ἀλλὰ
2076 1513 2223 1610 γυνὴ
2256 1519 2411 1609 γῆν).
2476 1523 2523 1588 C
2570 1524 2631 1606 a)
2676 1509 2900 1586 κάκεῖ-

452 1654 550 1697 νοι
595 1618 846 1716 ἀγαθοὶ
901 1628 1016 1693 καὶ
1072 1623 1135 1694 οὶ
1180 1627 1284 1693 νῦν
1327 1623 1509 1693 εἰσιν.
1601 1630 1667 1712 b)
1732 1623 1843 1692 καὶ
1888 1621 2033 1692 τότε
2075 1613 2149 1715 ἦν
2192 1628 2306 1691 καὶ
2352 1625 2473 1691 νῦν.
2567 1629 2626 1712 o)
2676 1625 2781 1690 νῦν
2825 1650 2901 1691 τε

453 1727 941 1818 πολιτευόμεθα
1000 1733 1113 1798 καὶ
1170 1724 1281 1798 τὸν
1340 1721 1443 1798 ἀεὶ
1485 1725 1725 1820 χρόνον.
1818 1734 1885 1816 d)
1944 1733 2128 1797 καλεῖ
2187 1732 2261 1800 δέ
2307 1723 2342 1797 ὃ
2385 1731 2506 1815 μὲν
2550 1721 2741 1820 αὖτὴν
2786 1733 2900 1819 δη-

451 1837 825 1929 μοκρατίαν,
874 1831 908 1905 ό
955 1839 1029 1906 δέ
1072 1827 1248 1905 ἀλλο.
1341 1840 1399 1903 D
1445 1842 1506 1924 a)
1554 1837 1703 1903 τοτέ
1746 1836 1866 1921 μὲν
1912 1836 1988 1902 ἐκ
2034 1838 2268 1924 γένους,
2314 1838 2464 1903 τοτέ
2512 1837 2596 1903 δέ
2638 1833 2910 1925 αἱρετοί.

453 1952 517 2034 Β)
568 1935 710 2014 οἷ’τε
754 1935 1066 2033 ἀσθενείᾳ
1111 1985 1194 1994 —-
1239 1933 1647 2032 ἀπελήλαται
1694 1932 1930 2024 ούδείς,
1996 1932 2145 2009 ούδέ
2187 1947 2329 2022 τοῖς
2376 1941 2689 2022 ἐναντίοις
2733 1941 2905 2009 τετί-

450 2079 650 2140 μηται
709 2056 818 2136 (-
878 2040 1089 2136 ἀλλά).
1181 2053 1232 2116 Ε
1268 2073 1358 2134 sq.
1421 2053 1484 2136 a)
1547 2045 1618 2114 αὶ
1661 2048 1781 2132 μὲν
1838 2041 1957 2136 γὰρ
2016 2037 2207 2114 ἄλλαι
2254 2089 2336 2096 -
2384 2040 2569 2136 ἡμεῖς
2628 2050 2719 2114 δέ.
2826 2053 2892 2135 Β)

453 2162 638 2243 priori
696 2161 975 2225 membro
1036 2159 1319 2222 additum
1379 2162 1475 2223 est
1537 2152 1699 2221 ἔνιοι
1756 2153 1877 2238 μὲν
1936 2147 2228 2234 δούλους,
2300 2151 2362 2220 οὶ
2425 2154 2499 2220 δὲ
2568 2147 2902 2232 δεσπότας

453 2253 765 2353 ἀλλήλους
809 2261 1190 2347 νομίζοντες.
1285 2265 1343 2347 ο)
1407 2265 1711 2346 posterius
1772 2264 2126 2328 membrum
2172 2263 2466 2328 dividitur
2508 2264 2738 2328 voculis
2785 2249 2904 2326 οὐκ

461 2410 540 2419 -
591 2359 774 2435 ἀλλά.
868 2372 932 2456 d)
999 2372 1314 2436 adduntur
1366 2371 1683 2448 ‚contraria
1736 2364 2032 2454 ἱσογονία
2077 2408 2159 2415 -
2204 2363 2525 2452 ἰσονομία.
2619 2371 2674 2452 ε)
2733 2358 2908 2431 κατὰ

457 2469 656 2566 φύσιν
697 2516 785 2525 --
827 2467 995 2540 κατὰ
1057 2467 1268 2558 νόμον.
1361 2477 1414 2561 f)
1474 2472 1699 2562 μηδενὶ
1760 2461 2002 2560 austes
1978 2462 2036 2561 η’.
2130 2477 2256 2539 239
2304 2477 2359 2538 Α
2418 2473 2530 2538 καὶ
2590 2469 2730 2560 ἰδίᾳ
2788 2473 2902 2537 καὶ

457 2580 756 2671 δημοσίᾳ.
849 2584 902 2647 Β
967 2571 1057 2659 ὥς
1115 2569 1429 2702 ἠμύναντο
1473 2580 1586 2644 καὶ
1634 2570 1724 2659 ῶς
1766 2566 2020 2667 ήμιναν
2133 2580 2179 2645 O
2238 2604 2439 2644 ταυτα
2496 2578 2617 2662 μὲν
2663 2565 2770 2644 οἷπν
2817 2618 2899 2625 —-

458 2690 639 2754 δοκεῖ
680 2712 798 2771 μοι
839 2684 949 2752 ἐᾶν
981 2726 1062 2735 -
1097 2711 1185 2751 ων
1231 2684 1305 2752 δέ
1353 2674 1498 2751 ούτε
1543 2678 1822 2773 ποιητής
1854 2724 1935 2733 —
1967 2677 2208 2751 τούτων
2252 2683 2409 2772 πέρι
2438 2709 2554 2768 μοι
2586 2686 2877 2750 δοκεῖ-

459 2796 516 2858 D
576 2784 956 2881 ἡγουμένους
1014 2791 1128 2881 τῆς
1166 2781 1396 2870 Ασίας
1452 2814 1563 2856 και
1625 2789 2081 2874 δουλουμένους
2140 2816 2252 2879 την
2300 2779 2631 2879 Ευρώπην.
2724 2793 2789 2875 b)
2842 2814 2904 2854 οι

459 2897 644 2986 τῆςδε
700 2897 813 2985 τῆς
864 2890 1076 2984 χώρας
1133 2894 1416 2984 ἔκγονοι,
1490 2900 1697 2983 γονεῖς
1752 2895 1827 2962 δέ
1886 2887 2201 2984 ἡμέτεροι.
2316 2899 2374 2981 o)
2442 2895 2632 2961 πᾶσα
2687 2894 2807 2980 μὲν
2866 2886 2903 2982 ἡ

467 2993 662 3070 Ἀσία
708 2995 995 3069 ἐδούλευε
1024 3044 1112 3053 —-
1143 2998 1214 3068 αὶ
1259 3001 1334 3069 δέ
1365 3001 1612 3090 γνῶμαι
1646 3002 2114 3085 δεδουλωμέναι
2146 2993 2454 3067 ἀπάντων
2482 3001 2610 3067 τῶν
2641 2990 2903 3089 ἀνθρώ-

462 3134 610 3175 πων
653 3094 830 3197 ἦσαν,
875 3112 1062 3194 priori
1091 3112 1368 3176 membro
1400 3110 1651 3175 additur
1694 3112 1758 3193 d)
1795 3099 1829 3172 ὃ
1857 3107 1977 3191 μὲν
2002 3107 2267 3195 πρῶτος
2299 3148 2401 3188 -—‚
2450 3099 2485 3173 ό
2518 3107 2592 3173 δέ
2623 3100 2759 3186 υἱὸς
2793 3147 2895 3187 -,

461 3214 677 3303 τρίτος
721 3212 815 3295 δέ,
864 3235 1125 3298 quorum
1167 3217 1233 3280 in
1276 3217 1471 3298 primo
1513 3217 1793 3281 membro
1838 3217 2147 3281 eontraria
2177 3220 2324 3280 sunt
2368 3217 2426 3299 e)
2460 3205 2911 3300 ἐλευθερώσας

467 3362 546 3369 -—-
595 3312 733 3404 ἅμα
778 3320 892 3386 καὶ
935 3311 1084 3398 τοὺς
1129 3312 1456 3398 δεσπότας
1501 3311 1924 3399 ἐδουλώσατο,
1976 3323 2040 3385 in
2084 3323 2263 3386 tertio
2307 3324 2587 3386 membro
2642 3322 2693 3405 f)
2739 3318 2909 3407 πεζῇ

462 3426 583 3511 μέν
639 3466 719 3475 -
780 3426 962 3491 ναυσὶ
1024 3426 1117 3492 δέ.
1211 3429 1340 3491 240
1385 3429 1440 3490 Α
1499 3424 1783 3511 πέμψας
1836 3418 2155 3512 μυριάδας
2208 3423 2327 3508 μὲν
2385 3418 2782 3513 πεντήκοντα
2841 3422 2909 3489 ἔν

464 3555 534 3597 τε
579 3530 844 3611 πλοίοις
889 3531 1002 3597 καὶ
1044 3528 1246 3612 ναυσί,
1297 3529 1448 3609 ναῦς
1487 3529 1561 3597 δέ
1604 3528 2003 3618 τριακοσίας.
2094 3533 2148 3596 Β
2217 3522 2480 3609 τούτους
2524 3523 2910 3618 ἐχειρώσατο

464 3636 584 3722 μέν
646 3636 713 3702 ἐν
771 3637 981 3725 τρισὶν
1038 3628 1336 3726 ἡμέραις,
1383 3629 1834 3725 διηρευνὴσατο
1880 3634 1954 3701 δέ
1998 3635 2220 3701 πᾶσαν
2257 3629 2371 3724 τὴν
2412 3629 2637 3722 χώραν.
2729 3637 2781 3701 Ε
2828 3661 2917 3700 τα

464 3743 585 3828 μὲν
647 3728 753 3810 οὗν
811 3731 1104 3829 ἀριστεῖα
1151 3782 1232 3791 --
1278 3735 1362 3808 τὰ
1416 3741 1489 3808 δέ
1545 3743 1883 3829 δευτερεῖα.
1948 3746 2100 3873 τ[241
2153 3746 2208 3807 Α
2268 3746 2329 3828 a)
2396 3734 2612 3808 πολλὰ
2668 3740 2790 3824 μὲν
2833 3729 2921 3806 ἀν

467 3874 568 3929 τις
625 3846 764 3932 ἔχοι
810 3888 891 3897 -
941 3833 978 3914 ὃ
1029 3847 1105 3914 δέ
1158 3872 1276 3931 μοι
1332 3849 1529 3914 δοκεῖ.
1621 3851 1688 3933 Β)
1748 3846 1860 3911 καὶ
1912 3838 2022 3913 οια
2082 3838 2355 3912 ἐπιόντα
2413 3838 2764 3968 ὑπέμειναν
2822 3887 2910 3895 ——

468 3956 582 4020 καὶ
645 3946 733 4034 ῶς
791 3943 1102 4043 ἠμύναντο
1160 3952 1379 4019 ταῦτα.
1487 3956 1545 4038 o)
1606 3945 1775 4018 κατά
1833 3976 1903 4018 τε
1974 3952 2086 4041 γῆν
2154 3977 2265 4018 και
2328 3946 2496 4018 κατὰ
2554 3946 2909 4018 θάλατταν.

469 4064 534 4144 (1)
595 4057 659 4127 οἱ
711 4058 832 4145 μέν
876 4053 993 4148 γὰρ
1040 4057 1421 4146 Μαραθῶνι
1467 4098 1548 4107 ·—
1598 4050 1699 4123 ὅτι
1755 4051 1923 4124 κατὰ
1977 4058 2090 4147 γῆν
2138 4098 2219 4107 ——
2269 4048 2538 4145 (ὀλίγοις
2582 4052 2914 4143 πολλούς),

471 4166 656 4231 ναυσὶ
702 4164 794 4232 δέ.
889 4168 935 4233 Ο
983 4170 1044 4252 a)
1103 4159 1180 4231 τὸ
1236 4164 1355 4249 μέν
1414 4150 1520 4231 οὖν
1575 4164 1884 4252 μέγιστον
1929 4204 2009 4213 ——
2058 4157 2224 4249 μετὰ
2276 4164 2351 4231 δέ
2395 4163 2602 4231 τοὶτο.
2694 4168 2760 4252 b)
2809 4163 2923 4230 νῖν
