3250 4700
1564 173 1649 248 23

390 401 591 466 dolem
646 401 992 465 orationum
1053 399 1444 479 inaequalem
1503 401 1566 460 et
1617 397 1856 460 variam
1918 396 2173 460 evadere
2190 443 2205 471 ‚
2278 395 2539 477 Aspasia
2594 394 2821 476 optime

388 508 553 571 hanc
623 505 1024 588 componendi
1089 505 1390 568 rationem
1455 503 1638 568 verbo
1716 497 2069 586 συγκολλᾶν
2135 501 2516 565 denotavisse
2581 501 2823 565 videtur

389 613 725 693 eodemque
787 612 862 676 de
925 610 1235 692 inaequali
1303 609 1503 674 indole
1560 609 1691 674 eius
1750 627 1939 690 quam
2012 609 2146 691 ipsa
2208 607 2523 672 Socratem
2583 607 2858 672 edocuit·

388 718 678 782 orationis
716 717 1192 798 ·significavisse;
1243 735 1546 796 magnum
1591 715 1761 779 enim
1806 715 2134 778 discrimen
2179 733 2311 779 esse
2354 714 2515 778 inter
2557 714 2821 796 priorem

385 827 450 888 et
495 824 755 890 alteram
799 823 930 888 eius
975 825 1216 905 partem
1260 822 1434 886 facile
1477 821 1751 902 intellegi
1793 824 2011 903 potest.

564 930 908 992 Maximum
968 931 1179 992 autem
1235 930 1622 992 momentum
1666 927 1927 1010 Aspasia
1986 927 2307 991 ediscendo
2364 926 2613 1002 tribuit,
2671 945 2820 989 nam

387 1055 512 1103 non
557 1036 829 1099 multum
875 1035 1062 1110 afuit,
1116 1035 1278 1115 quin·
1311 1033 1592 1098 Socrates
1638 1033 1852 1115 plagas
1899 1033 2227 1115 acciperet,
2289 1033 2450 1114 quod
2496 1032 2819 1096 obliviosus

387 1146 521 1206 erat
569 1143 724 1222 (236
772 1139 866 1225 C).
953 1139 1129 1220 Quod
1173 1140 1339 1204 idem
1385 1139 1742 1222 disciplinae
1790 1137 2083 1220 Gorgieae
2127 1139 2440 1221 proprium
2484 1138 2701 1214 fuisse,
2748 1157 2821 1203 ex

385 1247 728 1311 Aristotelis
773 1247 974 1310 verbis
1019 1246 1062 1309 l.
1108 1265 1159 1310 c.
1217 1247 1432 1310 elucet.
1526 1245 1744 1309 Omnis
1800 1245 1965 1309 enim
2012 1243 2271 1325 Gorgiae
2316 1245 2592 1309 doctrina
2643 1233 2709 1308 in
2748 1263 2818 1308 eo

385 1353 750 1416 versabatur
765 1399 780 1428 ,
837 1355 910 1416 ut
954 1352 1322 1434 exemplaria
1365 1352 1461 1415 vel
1509 1351 1844 1433 specimina
1888 1351 2215 1415 ediscenda
2260 1351 2575 1433 discipulis
2619 1350 2821 1414 trade-

384 1462 630 1534 rentur,
696 1461 759 1523 et
823 1458 887 1521 id
951 1457 1200 1538 quidem
1254 1457 1405 1521 artis
1466 1457 1829 1538 sophisticae
1887 1457 2200 1539 proprium
2255 1460 2388 1520 erat
2411 1442 2479 1541 1).
2570 1454 2818 1538 Optime

385 1565 576 1645 igitur
635 1563 918 1627 Socrates
972 1565 1038 1626 in
1095 1561 1322 1644 Gorgia
1381 1563 1534 1645 (463
1571 1563 1650 1647 B)
1714 1563 2081 1627 rhetoricam
2152 1563 2417 1645 appellat
2476 1557 2820 1646 ἐμπειρίαν

335 1666 500 1752 ,καὶ
552 1660 790 1755 τριβήν.
883 1669 1101 1751 Itaque
1157 1689 1278 1732 non
1336 1672 1432 1732 est
1476 1669 1736 1732 dubium
1754 1717 1768 1742 ‚
1828 1670 1977 1750 quin
2022 1669 2198 1732 Plato
2246 1668 2507 1750 Gorgiae
2552 1668 2819 1751 discipli—

385 1793 536 1838 nam
579 1775 804 1840 ironice
849 1776 936 1838 ita
983 1775 1322 1840 describere
1365 1775 1655 1850 voluerit,
1701 1777 1774 1838 ut
1818 1793 1957 1838 eam
2002 1794 2135 1839 esse
2180 1775 2551 1860 contrariam
2596 1775 2648 1838 ei
2694 1793 2818 1855 qua

383 1882 514 1964 ipse
559 1883 853 1946 utebatur
893 1881 1232 1946 disserendi
1276 1881 1497 1944 rationi
1543 1885 1882 1962 appareret.

561 1987 793 2050 Tamen
850 1988 965 2051 hoc
1010 1987 1138 2050 loco
1185 1987 1375 2050 etiam
1435 1987 1593 2050 alius
1654 1987 1923 2050 cernitur
1966 1987 2233 2050 aculeus
2326 1985 2606 2050 Callicles
2652 1985 2817 2050 enim

383 2093 532 2156 dicit
575 2093 640 2154 in
691 2090 914 2172 Gorgia
960 2093 1086 2156 485
1123 2091 1170 2156 O
1212 2112 1300 2174 sq.
1351 2080 1504 2154 ὅταν
1548 2082 1977 2178 πρεσβύτερον
2019 2084 2143 2154 ἰ’ὁω
2190 2087 2287 2154 ἔτι
2334 2087 2819 2178 φιλοσοφοῦντα

384 2196 497 2260 καὶ
540 2188 630 2283 μὴ
674 2183 1258 2279 ἇπαλλαττὸμενον,
1307 2194 1572 2284 πληγῶν
1613 2220 1730 2278 μοι
1777 2197 1956 2261 δοκεῖ
2000 2183 2119 2284 ἤδη
2162 2196 2451 2261 δεῖσθαι.
2544 2199 2682 2262 Iam
2726 2199 2819 2260 in-

383 2304 729 2385 tellegimus
747 2353 762 2379 ,
823 2323 935 2368 cur
995 2303 1275 2369 Socrates
1333 2304 1695 2369 obliviosum
1758 2324 1823 2369 se
1878 2305 2251 2387 profiteatur.
2342 2307 2607 2369 Auctore
2653 2306 2816 2369 enim

385 2409 633 2475 Callicle
702 2430 886 2475 senex
951 2412 1170 2474 ludum
1238 2412 1497 2475 rhetoris
1572 2413 1886 2492 ingressus
1949 2412 2219 2475 laborem
2294 2416 2354 2475 et
2428 2430 2677 2493 operam
2749 2412 2814 2474 in

383 2516 706 2580 ediscendo
751 2518 1093 2591 consumit,
1153 2518 1260 2581 sed
1305 2517 1457 2581 adeo
1503 2518 1887 2582 adhaerescit
1944 2518 2355 2600 philosophiae
2372 2565 2387 2593 ,
2442 2522 2514 2581 ut
2558 2517 2815 2581 artificia

381 2622 685 2685 rhetorica
747 2623 862 2685 sibi
921 2624 1229 2687 inculcata
1283 2624 1582 2687 memoria
1638 2627 1845 2688 tenere
1902 2642 2027 2686 non
2083 2624 2290 2705 possit.
2394 2624 2613 2704 Itaque
2670 2642 2815 2686 cum

381 2728 643 2809 Aspasia
701 2729 1150 2809 quodammodo
1203 2729 1406 2793 minas
1467 2727 1737 2793 Calliclis
1794 2730 2044 2811 exsequi
2101 2729 2409 2805 videatur,
2466 2729 2653 2792 etiam
2713 2729 2815 2792 hic

381 2834 553 2897 locus
598 2834 774 2897 nobis
821 2837 1185 2914 argumento
1230 2838 1340 2919 est,
1396 2853 1584 2916 quam
1627 2835 1851 2899 intima
1898 2835 2237 2899 intercedat
2278 2836 2433 2898 ratio
2478 2834 2813 2899 Menexeno

381 2958 526 3003 cum
573 2923 799 3020 Gorgia
821 2987 836 3013 ,
881 2958 1078 3021 neque
1123 2939 1382 3003 dubium
1428 2944 1551 3015 est,
1596 2942 1746 3021 quin
1794 2940 2075 3005 Socrates
2122 2941 2454 3021 significet,
2500 2959 2691 3022 quam
2733 2942 2816 3004 ri—

382 3044 622 3108 diculus
670 3045 910 3109 eveniat
965 3045 1216 3110 effectus
1235 3093 1250 3120 ,
1325 3046 1377 3109 si
1433 3046 1560 3127 ipse
1616 3066 1802 3111 senex
1858 3045 2123 3111 Calliclis
2182 3048 2509 3110 consilium
2566 3049 2813 3111 secutus

379 3154 626 3233 propter
668 3151 1082 3233 philosophiae
1126 3169 1398 3215 amorem
1441 3152 1631 3215 minis
1674 3153 1999 3233 plagarum
2046 3156 2363 3217 terreatur.

557 3257 686 3319 236
720 3255 785 3320 C.
843 3242 982 3318 ἀλλ’
1031 3244 1215 3332 ὅπως
1251 3247 1341 3343 μή
1385 3279 1499 3337 μοι
1552 3255 1903 3337 χαλεπανεῖ
1944 3246 2425 3344 ἧδιδάσκαλος.
2476 3258 2565 3323 Cf.
2608 3260 2734 3322 549
2760 3260 2810 3322 Ε
2858 3257 2920 3343 §0
2964 3259 3069 3327 11.

377 3347 518 3423 ἀλλ’
567 3350 752 3437 ὅπως
794 3384 920 3442 μου
960 3352 1050 3447 μὴ
1091 3364 1405 3446 κατερεῖς]
1453 3362 1520 3427 Si
1565 3362 1847 3428 Socrates
1893 3383 2103 3428 revera
2149 3384 2213 3429 se
2260 3365 2629 3447 discipulum
2662 3363 2813 3429 Gor-

377 3468 515 3547 giae
545 3468 879 3548 profitetur,
927 3488 1047 3532 non
1083 3471 1179 3532 est
1208 3470 1454 3544 mirum,
1503 3470 1665 3550 quod
1695 3469 1865 3559 cupit
1904 3469 2135 3533 fontem
2182 3471 2527 3533 studiorum
2558 3489 2811 3534 suorum

377 3574 701 3648 occultari,
746 3574 969 3657 quippe
1021 3593 1207 3655 quem
1251 3575 1314 3637 in
1362 3573 1588 3655 Gorgia
1631 3574 1868 3655 dialogo
1912 3576 2336 3657 repudiaverit.
2426 3576 2645 3659 Itaque
2690 3596 2812 3640 non

375 3681 492 3753 est,
538 3697 648 3741 cur
689 3680 841 3745 haec
905 3684 1070 3744 tecta
1133 3680 1353 3760 agendi
1409 3681 1566 3743 ratio
1611 3680 2005 3761 vituperetur.
2109 3681 2309 3745 Immo
2366 3683 2639 3763 legentes
2699 3684 2812 3747 hoc

375 3783 556 3847 modo
615 3784 762 3848 scite
821 3786 1259 3861 admonentur,
1325 3786 1573 3850 nomine
1634 3787 1931 3868 Aspasiae
2000 3788 2313 3853 hominem
2373 3789 2468 3852 vel
2538 3789 2811 3852 scholam

373 3889 597 3969 obtegi,
643 3909 909 3971 quacum
957 3894 1138 3957 antea
1184 3891 1417 3959 Socrati
1462 3892 1695 3973 aliquid
1740 3894 1963 3973 negotii
2008 3893 2207 3958 fuerit.

553 3997 682 4059 236
715 3994 780 4061 C.
830 3983 1030 4060 Ἀλλὰ
1071 3995 1292 4078 μέντοι
1339 3994 1448 4061 σοι’
1493 4019 1562 4082 γε
1605 3996 1705 4061 δεῖ
1746 3993 2150 4085 χαρίζεσθαι,
2201 3988 2365 4062 ὥστε
2409 3986 2529 4062 κᾶν
2574 3986 2811 4084 ὀλίγου,

553 4224 592 4292 ¹)
628 4224 782 4279 Blass
817 4225 861 4293 Ι,
899 4227 982 4280 51.
