3250 4700
147 3837 252 3999 -§·
299 3912 368 3980 5.

1611 205 1649 266 8

411 417 738 478 recusaret.
785 487 799 506 χ
829 413 961 478 1310
1007 415 1225 479 eadem
1271 418 1365 479 est
1409 416 1749 490 urbanitaS,
1792 435 1915 498 qua
1962 415 2240 481 Callicles
2287 417 2360 480 de
2408 417 2851 483 declamatione

413 513 804 602 (ἐπίδειξις),
851 539 1042 603 quam
1087 522 1344 603 scriptor
1386 522 1564 602 fingit
1609 541 1647 585 a
1680 520 1905 603 Gorgia
1952 523 2133 586 modo
2178 523 2459 587 habitam
2490 543 2643 598 esse,
2694 525 2847 588 haec

411 625 561 690 dicit
621 625 802 708 Gorg.
849 629 1075 692 447A:
1143 625 1256 690 καὶ
1315 617 1492 707 μάλα
1545 649 1614 710 γε
1659 614 1922 704 ἀστείας
1980 622 2218 714 ἑορτῆς·
2286 618 2503 692 πολλὰ
2551 619 2672 713 γὰρ
2734 627 2850 692 καὶ

411 721 580 795 καλὰ
632 727 906 817 Γοργίας
939 769 1020 780 --
1055 727 1455 811 ἐπεδείξατο.
1535 733 1711 797 Sicut
1754 734 1918 798 enim
1962 735 2065 798 illo
2108 735 2237 798 loco
2269 735 2380 797 viri
2427 736 2667 799 scholae
2700 733 2855 798 Gor-

409 840 582 919 gieae
647 839 874 903 addicti
936 839 1011 902 de
1057 839 1341 920 magistri
1385 839 1658 904 oratione
1704 841 1791 902 nil
1835 840 1955 903 nisi
2000 840 2250 904 laudem
2293 840 2607 922 proferunt
2652 860 2851 923 neque
2956 910 2968 918 ,

410 945 586 1009 venia
641 945 1054 1025 interrogandi
1113 945 1399 1010 videntur
1455 946 1552 1008 usi
1615 965 1779 1021 esse,
1837 946 1925 1010 ita
1984 945 2177 1009 etiam
2234 946 2607 1011 Menexenus
2665 947 2850 1012 verba

411 1051 814 1133 praeceptoris
861 1051 1198 1116 reverentia
1244 1053 1306 1115 et
1350 1049 1637 1116 laudibus
1679 1051 2065 1133 prosequitur
2097 1054 2159 1116 et
2190 1052 2492 1116 audiendo
2523 1055 2848 1116 contentus

411 1160 522 1221 est.
613 1156 845 1220 Eodem
888 1157 1080 1238 igitur
1125 1157 1377 1221 consilio
1400 1205 1415 1231 ,
1459 1177 1577 1238 quo
1621 1158 1801 1221 Plato
1836 1157 2151 1222 Socratem
2192 1159 2370 1238 fingit
2412 1159 2479 1221 in
2522 1158 2845 1222 ediscendo

415 1262 746 1326 sudantem
805 1266 867 1327 et
927 1263 994 1326 111
1055 1264 1241 1328 verba
1300 1263 1584 1344 magistri
1641 1264 1982 1338 iurantem,
2040 1264 2452 1328 Menexenum
2513 1265 2631 1327 hac
2678 1264 2742 1328 in
2789 1283 2853 1328 re

413 1370 544 1432 eius
615 1369 879 1434 similem
945 1369 1189 1433 videtur
1255 1369 1487 1434 fecisse.
1593 1369 1758 1433 Nam
1790 1449 1797 1460 ι
1827 1369 2006 1450 quasi
2069 1369 2441 1451 discipulum
2500 1389 2648 1434 eum
2717 1374 2859 1434 arte

412 1476 712 1540 rhetorica
753 1476 1161 1540 imbuendum
1217 1475 1454 1538 inducit
1512 1494 1586 1538 ac
1632 1475 1972 1556 significare
2012 1457 2205 1539 ’31111111
2252 1475 2493 1540 videtur
2508 1523 2523 1551 ,
2583 1477 2705 1540 tale
2752 1477 2857 1540 ob-
2879 1532 2894 1545 .

413 1582 700 1662 sequium
770 1582 1085 1644 rhetorum
1153 1581 1435 1663 discipuli
1503 1600 1637 1645 esse
1705 1581 2047 1663 proprium,
2116 1581 2293 1644 cuius
2364 1581 2444 1645 sit
2510 1582 2723 1645 audire
2794 1585 2855 1645 et

415 1688 698 1752 ediscere.
792 1685 951 1750 Cum
991 1690 1222 1752 ‘autem
1266 1686 1903 1751 Menexenus-eodem
1947 1687 2245 1767 magistro
2290 1690 2508 1752 utatur
2553 1690 2616 1751 et
2658 1687 2854 1769 philo-

415 1793 662 1876 sophiae
709 1796 770 1857 et
813 1793 1168 1867 rhetoricae,
1216 1811 1336 1856 non
1381 1795 1476 1856 031
1516 1792 1765 1868 1111111111,
1813 1793 1993 1874 quod,
2041 1792 2157 1856 nisi
2191 1791 2472 1857 Socrates
2520 1793 2851 1875 permittat,

414 1919 536 1963 non
580 1900 713 1962 vult
755 1899 1202 1980 rempublicam
1247 1916 1564 1980 capessere
1621 1898 1699 1991 1.,-
1707 1918 1764 1988 0,
1811 1898 1899 1986 ad
1935 1898 2307 1988 rhetoricam
2367 1918 2433 1962 se
2479 1905 2857 1973 convert-ere3

414 2025 563 2069 nam
618 2024 692 2069 00
749 2005 878 2069 sola
935 2003 1280 2068 testimonio
1337 1982 1662 2068 omniu-fis
1678 2004 1809 2068 eius
1857 2005 1962 2085 qui
2006 2004 2071 2067 in
2117 2002 2343 2085 Gorgia
2390 2007 2536 2067 sunt
2582 2008 2854 2068 assecta-

417 2116 630 2175 torum
677 2129 777 2174 ars
824 2113 887 2174 et
930 2129 1083 2173 usus
1125 2110 1494 2192 reipublicae
1522 2110 1962 2190 gubernandae
1993 2110 2353 2185 continetur,
2399 2129 2663 2191 cumque
2695 2129 2855 2185 eum,

415 2217 520 2298 qui
568 2216 658 2279 illi
705 2235 769 2280 se
817 2216 1054 2292 tradat,
1103 2214 1352 2280 Callicle
1397 2219 1553 2280 teste
1599 2216 1976 2298 philosophia
2023 2235 2087 2280 se
2134 2216 2417 2279 abdicare
2462 2235 2710 2280 necesse
2758 2215 2855 2290 sit,

416 2342 594 2389 nemo
640 2322 757 2387 nisi
803 2322 1130 2403 magister,
1173 2322 1279 2405 qui
1323 2324 1654 2405 utramque
1696 2322 1905 2398 docet,
1950 2321 2201 2387 definire
2246 2325 2482 2405 potest,
2530 2340 2649 2403 quo
2698 2325 2855 2386 tem-

414 2450 555 2513 pore
600 2429 752 2492 illud
797 2429 924 2494 fiat.

592 2535 918 2599 Praeterea
973 2535 1151 2599 Plato
1207 2535 1612 2617 vituperatur,
1676 2534 1838 2616 quod
1894 2536 2009 2598 hoc
2065 2534 2194 2598 loco
2252 2534 2662 2598 Menexenum
2722 2537 2854 2598 tam

415 2642 632 2705 timido
678 2641 922 2722 ingenio
965 2641 1341 2716 instruxerit,
1386 2641 1449 2703 in
1499 2641 1719 2722 Lyside
1766 2644 1978 2705 autem
2027 2639 2177 2721 (211
2198 2640 2277 2723 Β)
2341 2659 2487 2704 011111
2535 2629 2857 2723 ἐριστικὸν

416 2751 479 2812 01
521 2737 725 2811 δεινὸν
767 2748 1175 2830 appellaverit.
1267 2749 1351 2810 At
1395 2748 1583 2810 etiam
1629 2746 1832 2821 PoluS,
1880 2746 1984 2828 qui
2031 2750 2127 2811 est
2169 2746 2235 2809 in
2276 2743 2520 2826 Gorgia,
2568 2746 2853 2827 quamvis

417 2853 567 2917 satis
631 2843 953 2937 ἐριστικὸν
998 2874 1062 2919 30
1107 2854 1417 2929 exhibeat,
1475 2856 1688 2917 tamen
1749 2870 1895 2933 erga
1952 2852 2321 2933 magistrum
2364 2854 2497 2914 tam
2544 2852 2850 2916 submisse

417 2978 482 3025 se
527 2959 702 3040 gerit,
749 2962 820 3023 ut
865 2978 1010 3023 eum
1059 2960 1375 3024 sententiis
1423 2978 1635 3023 secum
1678 2958 2103 3041 pugnantibus
2133 2958 2499 3040 impeditum
2534 2957 2853 3022 defendere

415 3068 669 3129 conetur
732 3064 953 3147 (461ss
1003 3066 1117 3147 sp.)
1179 3084 1376 3147 neque
1433 3084 1614 3146 aegre
1669 3065 1854 3138 ferat,
1914 3084 1978 3129 se
2037 3064 2115 3127 ab
2176 3064 2280 3127 illo
2324 3082 2448 3127 non
2508 3063 2596 3128 ita
2640 3064 2858 3128 leniter

417 3171 763 3235 submoveri
824 3170 978 3252 (448
997 3171 1072 3233 D.
1134 3170 1331 3233 46:31⁴]
1378 3166 1603 3233 τοῦτον
1650 3164 1772 3253 ἔα).
1864 3168 1961 3234 110
2004 3170 2412 3244 MenexenuS,
2474 3187 2855 3251 quamquam

414 3277 479 3340 in
524 3276 774 3358 Lyside,
837 3295 958 3357 quo
1015 3276 1081 3337 in
1139 3276 1376 3356 dialogo
1433 3274 1703 3358 Ctesippi
1749 3276 2080 3358 discipulus
2139 3279 2534 3357 nuncupatur
2589 3279 2652 3340 et
2711 3294 2858 3338 cum

417 3383 614 3447 amico
660 3382 991 3446 adversarii
1037 3384 1241 3464 partes
1289 3380 1570 3456 sustinet,
1616 3381 1891 3444 rixarum
1924 3381 2183 3463 cupidus
2216 3382 2577 3463 appellatur,
2623 3385 2854 3455 tamen,

416 3488 523 3552 ubi
569 3488 906 3570 discipulus
955 3487 1225 3552 Socratis
1271 3487 1474 3552 factus
1520 3490 1633 3559 est,
1688 3487 1950 3552 eandem
1997 3505 2188 3569 quam
2232 3487 2419 3551 Polus
2468 3506 2614 3567 erga
2661 3487 2858 3565 magi-

419 3598 619 3658 strum
663 3594 1070 3659 reverentiam
1111 3613 1256 3676 prae
1303 3614 1367 3658 se
1410 3594 1546 3658 fert.
1642 3592 1805 3673 Quin
1850 3593 2040 3659 etiam
2071 3594 2135 3657 in
2175 3592 2610 3674 cogitationem
2641 3593 2857 3657 cadere

417 3700 638 3784 possit,
698 3700 1020 3765 Platonem
1081 3720 1214 3765 rem
1273 3701 1550 3765 consulto
1607 3700 1698 3763 ita
1743 3700 2115 3774 instituisse,
2178 3702 2251 3762 ut
2292 3718 2493 3762 mores
2538 3698 2858 3763 Menexeni

417 3807 588 3889 pueri
629 3806 942 3888 quondam
985 3805 1232 3887 litigiosi
1278 3805 1599 3888 disciplina
1646 3806 1997 3870 viderentur
2042 3805 2296 3869 emolliti
2344 3824 2496 3868 esse.

591 3914 721 3976 234
745 3915 801 3975 A
845 3901 1248 3987 παιδεύσεως
1305 3909 1416 3973 καὶ
1478 3905 1882 3998 φιλοσοφίας
1937 3906 2056 3973 ἐπὶ
2110 3905 2282 3973 τέλει
2340 3898 2481 3997 ἡγεῖ
2536 3898 2696 3973 εἶναι
2744 3906 2857 3973 καὶ

426 4007 515 4095 ιῦς
561 4011 798 4093 ἱκανῶς
838 4003 957 4104 ἤδη
1005 4012 1165 4097 ἔχων
1211 4012 1326 4079 ἐπὶ
1373 4006 1456 4080 τὰ
1485 4012 1689 4097 μείζω
1737 4013 2027 4092 ἐπινοεῖς
2069 4011 2490 4100 τρέπεσθαι]
2556 4015 2645 4080 Cf.
2675 4015 2858 4097 Gorg.

418 4124 613 4189 4840
678 4122 932 4207 (Καλλ.)
991 4110 1070 4187 ὃν
1115 4118 1232 4186 ἐπὶ
1297 4112 1378 4186 τὰ
1436 4116 1637 4203 μείζω
1702 4116 1935 4207 ἔλθῃς,
1999 4112 2199 4199 ἐάσας
2272 4108 2391 4209 ἤδη
2437 4117 2857 4209 φιλοσοφίαν.

419 4231 558 4295 Non
621 4232 965 4295 inconsulte
1034 4228 1315 4295 Socrates
1382 4229 1461 4293 ad
1529 4229 1999 4293 similitudinem
2066 4229 2213 4293 dicti
2283 4228 2553 4294 Calliclei
2620 4229 2865 4295 videtur
